4125 5500
770 556 918 631 204

762 740 965 826 specti
1014 741 1244 816 numi,
1303 738 1412 801 sed
1473 749 1540 802 et
1602 737 1740 802 Dio
1826 752 2158 811 uanam,
2212 730 2276 817 ⁸)

757 836 1126 920 Tigranem
1182 834 1440 919 gessiss'e
1490 853 1740 922 τιαραν,
1791 852 1860 897 το
1922 852 1986 898 τε
2050 825 2273 913 ἀναδη-

753 937 868 1014 μοι.

860 1024 964 1088 En
999 1016 1127 1088 tibi
1184 1044 1416 1110 regum
1487 1023 1852 1089 Armeniae
1912 1041 1998 1085 ex
2052 1020 2275 1082 numia

755 1118 1145 1205 catalogum
1198 1120 1556 1185 fecundum
1618 1133 1972 1204 tempora,
2029 1117 2274 1199 quibus

757 1214 1053 1300 regnass'e
1086 1214 1434 1293 videntur,
1483 1212 1826 1300 digestum.
1932 1210 2279 1294 Quoniam

758 1321 1043 1394 propter
1074 1307 1545 1374 historicorum
1584 1308 1910 1373 mentium
1950 1307 2099 1391 l-'pes
2143 1324 2280 1370 non

760 1401 1111 1488 adfulget,
1163 1402 1312 1469 fore
1346 1419 1422 1469 ut
1474 1403 1731 1468 collata
1775 1422 2175 1488 quacunque
2208 1420 2278 1464 o-

759 1517 932 1584 pera
962 1502 1032 1561 in
1070 1500 1154 1562 iis
1222 1501 1645 1587 explicandis
1703 1510 1960 1563 certum
2018 1496 2279 1579 aliquid

756 1604 827 1654 et
857 1592 1288 1677 exploratum
1358 1595 1571 1685 possit
1627 1593 1925 1669 adferri,
1987 1611 2072 1654 ne
2122 1610 2277 1654 con-

754 1690 1171 1768 jecturarum
1223 1708 1514 1753 examen
1570 1708 1855 1775 augeam
1881 1736 1900 1765 ,
1951 1685 2143 1750 lubet
2181 1688 2276 1750 in·

756 1781 1042 1845 haerere
1078 1783 1191 1864 iis,
1245 1804 1421 1869 quae
1462 1785 1595 1848 viri
1635 1785 1907 1861 eruditi,
1961 1800 2114 1845 cum
2157 1800 2279 1844 eos

760 1879 1157 1965 vulgarent,
1212 1899 1611 1965 quacunque
1668 1878 1973 1943 fortuna
2001 1890 2278 1962 praece·

758 1984 947 2060 pere.
1045 1976 1347 2061 Regum
1338 1975 1703 2038 Armeniae
1762 1972 2152 2058 catalogum
2189 1988 2280 2034 ex

757 2069 1162 2155 scriptorum
1218 2069 1613 2135 testimoniis
1683 2066 2054 2133 struxerunt
2124 2060 2277 2130 Rei·

757 2178 958 2231 nerus
1004 2162 1469 2244 Rein’ecciu5‚
1514 2177 1582 2229 et
1627 2165 2079 2241 Vaillantiue,
2163 2161 2281 2246 qui

766 2279 922 2323 eum
952 2263 1351 2346 appendicis
1386 2258 1587 2325 instar
1613 2261 1768 2328 suae
1797 2259 2286 2325 Arsacidarum·

770 2350 1089 2451 historiae
1132 2354 1433 2443 {ubjecit

1232 2545 1812 2621 ARSAMES.

869 2735 1076 2828 Caput
1103 2742 1282 2827 regis
1322 2738 1593 2809 imber-be
1633 2741 1810 2806 tiara
1845 2740 2056 2805 conica
2092 2746 2152 2803 et
2197 2735 2288 2803 dl-

773 2837 1062 2905 aderam
1131 2848 1376 2909 tectum.
1458 2843 1516 2913 κ
1585 2837 1915 2901 ΒΑΣΙΛΕ
1968 2874 1989 2888 -
2044 2873 2068 2887 -
2169 2838 2290 2900 ΛΙ-

768 2937 1023 2998 ΣΛΜΟ
1098 2971 1121 2984 -
1209 2933 1338 3000 Vir
1348 2933 1513 3018 pileo
1533 2933 1736 2996 conice
1759 2941 1953 2994 tectus
1973 2930 2038 2995 d.
2060 2930 2294 3021 hastam

775 3034 966 3094 citato
1015 3049 1165 3114 equo
1218 3027 1489 3093 vehitur.
1587 3023 1729 3087 ΑΕ.
1782 3024 1872 3089 11.
1949 3024 2294 3102 (Pellerin

782 3123 1046 3185 Lettres
1082 3141 1148 3207 p.
1199 3119 1367 3205 79.)

877 3213 1024 3298 Ipl'e
1069 3217 1317 3301 capitis
1367 3213 1583 3279 cultus
1623 3224 1889 3291 monet,
1957 3207 2299 3277 numisma

778 3307 949 3374 istud
985 3311 1072 3374 ad
1119 3311 1295 3374 hunc
1332 3322 1627 3374 tractum
1698 3309 2055 3395 pertinere.
2157 3309 2296 3371 No-

776 3423 932 3470 men
976 3408 1322 3474 ΛΙΣΛΜΟ
1357 3406 1572 3493 pollet
1603 3423 1727 3471 nos
1773 3404 1865 3466 de
1909 3423 2079 3467 vera
2118 3405 2297 3490 regis

779 3501 1243 3588 appellatione
1282 3502 1566 3567 reddere
1604 3500 2002 3585 ambiguos,
2052 3498 2171 3563 nili
2212 3519 2298 3563 ex

781 3598 978 3674 aliie,
1035 3609 1101 3660 et
1150 3600 1427 3682 quidem
1495 3600 1635 3678 ejus
1704 3596 1997 3667 viciniae
2060 3597 2307 3659 m'onm

779 3694 1022 3754 mentis
1057 3691 1421 3768 constaret,
1499 3691 1902 3754 elementum
1951 3692 2014 3751 A
2065 3690 2298 3753 omiss‘a

779 3785 1057 3848 lineola
1099 3786 1484 3850 transversa
1533 3787 1729 3872 saepe
1781 3796 1856 3847 ut
1922 3790 2029 3862 A,
2113 3797 2181 3847 et
2247 3786 2296 3851 P

790 3879 1025 3944 omiss'o
1084 3879 1332 3945 annulo
1391 3893 1465 3945 ut
1514 3881 1548 3943 1
1606 3880 1899 3945 exarari.
2001 3876 2302 3947 suffecta

786 3975 990 4060 igitur
1026 3995 1192 4043 vera
1232 3977 1578 4041 literarum
1620 3975 1848 4040 forma
1889 3977 2130 4056 evadit,
2160 3980 2297 4042 AP-

787 4071 1066 4139 ΣΑΜΟ.
1116 4073 1501 4138 Friilichiue
1529 4122 1549 4151 ,
1603 4091 1755 4135 cum
1811 4073 2141 4136 creditum
2173 4076 2299 4136 Ar·

789 4164 987 4230 samis
1049 4187 1382 4247 numum,
1511 4170 1899 4258 inscriptum
1982 4169 2306 4234 ΣΔΜΟΤ

794 4264 1062 4342 ederet,
1114 4265 1223 4328 sed
1264 4285 1466 4347 quem
1507 4264 1769 4340 serina,
1818 4276 1892 4326 ut
1927 4283 2090 4325 mox
2119 4261 2302 4326 infra

789 4358 1094 4437 dicetur,
1167 4359 1293 4422 effe
1368 4361 1544 4444 regie
1604 4360 1834 4435 Sami,
1906 4358 2020 4421 vel
2080 4358 2302 4422 Samis

1684 532 2126 619 REGES
2227 530 2964 649 ARMENIAE.

2370 733 2743 810 constabat,
2794 728 3142 797 illustrium
3177 750 3302 816 per
3335 729 3630 795 Perfiam
3672 744 3740 795 et
3759 734 3883 795 Ar-

2370 832 2663 894 meniam
2726 828 3029 891 virorum
3086 825 3473 911 catalogum
3524 831 3882 898 concinna-

2369 928 2474 988 vit
2499 972 2520 1002 ,
2572 926 2688 1008 qui
2723 922 3016 1002 Arsamis
3045 923 3316 985 nomine
3372 925 3673 1006 praediti
3741 926 3883 993 sue-

2369 1041 2467 1084 re.
2578 1017 2843 1081 Horum
2900 1017 3119 1080 nullus
3179 1038 3334 1081 cum
3390 1019 3542 1083 viro
3615 1025 3883 1088 erudito

2372 1116 2749 1191 adrideret,
2804 1115 2892 1176 ad
2928 1116 3347 1193 conjecturas
3398 1118 3758 1182 conversus
3789 1120 3886 1184 [ιι.

2371 1209 2666 1297 spicatur
2701 1255 2720 1285 ,
2793 1220 3114 1294 regnante
3188 1208 3470 1272 Seleuco
3539 1211 3629 1275 11.
3693 1217 3885 1280 Arsa-

2371 1326 2526 1368 men
2579 1305 2916 1389 quendam
2955 1350 2976 1381 ,
3061 1301 3378 1366 illustrem
3441 1304 3629 1371 haud
3684 1311 3886 1376 dubie

2371 1399 2676 1475 Persam,
2750 1417 2875 1483 per
2929 1401 3069 1480 ejus
3134 1397 3546 1485 tempestatis
3610 1407 3887 1473 turbida

2371 1514 2598 1581 regem
2647 1493 2711 1556 se
2738 1495 3105 1557 Armeniae
3150 1494 3538 1580 appellall'e,
3594 1513 3664 1561 et
3696 1500 3884 1569 fuiss'e

2373 1591 2797 1654 conditorem
2841 1589 3027 1657 urbis
3082 1591 3149 1653 in
3195 1592 3525 1655 Armenia
3575 1595 3884 1679 politae,

2375 1702 2582 1772 quam
2620 1684 2714 1747 de
2747 1685 2811 1747 l'e'
2857 1683 3267 1774 Arsamosata
3320 1687 3633 1767 dixerit,
3706 1714 3882 1771 eum

2374 1800 2505 1867 que
2544 1781 2753 1843 etiam
2797 1782 3019 1844 videri
3074 1779 3266 1843 fuiss‘e
3301 1794 3565 1866 patrem
3617 1787 3888 1873 xerxis,

2374 1878 2460 1941 de
2500 1870 2637 1960 quo'
2681 1888 2918 1961 agetur
2955 1877 3299 1940 continuo.
3403 1879 3536 1942 En
3558 1876 3882 1950 summam

2371 1973 2958 2055 conjecturarum,
3030 1990 3200 2056 quas
3253 1973 3588 2058 prolixius
3635 1980 3885 2065 expuli

2370 2077 2481 2132 m
2554 2086 2644 2131 ex
2690 2064 2837 2151 ipso
2888 2065 3248 2130 Pellerinio
3299 2082 3479 2155 pete.
3533 2059 3599 2156 5)
3698 2074 3891 2139 Cete-

2373 2182 2524 2226 rum
2572 2159 2831 2225 fatetur
2898 2160 3054 2241 hic,
3138 2182 3417 2227 numum
3469 2168 3896 2251 praesentem

2377 2261 2675 2341 ejusdem
2711 2256 2838 2320 ess'e
2869 2258 3195 2329 -fabricae
3224 2306 3244 2337 ,
3296 2263 3474 2342 cujus
3507 2260 3663 2327 sunt
3691 2271 3902 2333 numi·

2375 2360 2611 2440 reg‘um
2651 2353 2893 2436 Syriae
2930 2356 3185 2420 circum
3245 2354 3497 2421 Seleuci
3563 2358 3655 2424 11.
3709 2373 3898 2427 tem.

2376 2469 2556 2537 pora
2596 2447 2849 2537 lignati.

2889 2639 2967 2706 X
2971 2642 3039 2708 E
3059 2640 3120 2709 R
3147 2643 3369 2710 ΚΕΗ.

2483 2834 2685 2920 Caput
2719 2835 2900 2919 regis
2948 2830 3283 2903 barbatum
3331 2841 3508 2904 tiara
3556 2845 3769 2909 conica
3842 2837 3908 2911 et'

2385 2929 2739 2996 diademata
2778 2941 3019 2996 tectum.
3072 2937 3131 3006 κ
3178 2935 3652 3003 ΒΑΣΙΛΕΩΣ.
3704 2939 3903 3008 21:31³-

2385 3027 2588 3094 ΞΟΤ.
2651 3025 2724 3092 V
2715 3031 2941 3092 ictor-ia
2954 3028 3141 3111 stans
3161 3028 3220 3094 d.
3244 3040 3545 3114 protenta
3578 3055 3899 3113 coronam,

2366 3122 2427 3208 s.
2452 3122 2693 3208 scntw‘m
2753 3119 2923 3186 humi
2981 3125 3245 3202 attinet,
3285 3181 3292 3188 .
3317 3148 3445 3210 pro
3507 3129 3766 3214 pedibus
3801 3131 3902 3196 H.

2386 3215 2529 3280 ΑΕ.
2563 3215 2686 3282 111.
2787 3216 3280 3304 (Barthelemy
3336 3221 3414 3287 B.
3466 3223 3547 3287 L.
3583 3227 3667 3290 T.
3708 3227 3904 3292 XXI.

2389 3309 2598 3375 Mem.
2640 3334 2710 3402 p.
2747 3319 2912 3391 40'4.
2935 3309 2968 3397 )

2482 3406 2952 3496 Aliusfimffis,
2967 3407 3103 3497 sed
3139 3410 3288 3474 AR.
3346 3411 3467 3477 111.
3521 3414 3914 3502 (cata1.d·

2384 3501 2657 3604 Ennery
2702 3525 2771 3589 p.
2829 3515 2943 3578 28.
2965 3500 2998 3588 )

2486 3595 2783 3662 Numum
2822 3600 3121 3685 priorem
3164 3621 3250 3665 ex
3291 3606 3465 3689 regis
3517 3603 3911 3675 Galliarum

2389 3692 2616 3757 museo
2682 3693 2993 3779 subjectis
3059 3695 3432 3783 praeclaris
3486 3719 3915 3770 commenta·
3979 3749 3986 3754 -

2387 3790 2506 3853 riis
2576 3790 2790 3853 edidit
2846 3790 3403 3876 Barthelemyus,
3469 3794 3530 3879 ⁶)
3608 3815 3916 3887 eumque

2388 3888 2459 3951 in
2501 3887 2712 3948 variis
2745 3887 2874 3948 suis
2917 3887 3236 3970 operibus
3292 3889 3541 3954 obtulit
3571 3892 3920 3960 Friilichi-

2390 3999 2469 4044 us
2509 3982 3008 4044 communicato
3060 3983 3282 4047 secum
3352 3987 3442 4050 ab
3505 3989 3777 4053 erudito
3832 3994 3922 4056 de

2391 4078 2575 4138 Boze
2618 4088 2890 4162 ectypo.
3043 4079 3341 4164 Vterque
3389 4102 3666 4146 numum
3726 4086 3922 4151 hunc

2391 4170 2627 4233 tribuit
2662 4171 2867 4234 Xerxi
2918 4171 3283 4238 Armeniae
3345 4179 3536 4263 regi,
3627 4181 3714 4245 de
3765 4203 3921 4268 quo

2392 4284 2558 4328 unus
2609 4264 2938 4350 Polybius
2971 4270 3040 4333 in
3078 4274 3414 4358 excerptis
3448 4273 3699 4339 Valelii
3733 4277 3925 4344 haec

2388 4360 2620 4426 habet.
2667 4352 2730 4441 ¹¹)
2880 4362 3053 4427 Cum
3108 4368 3488 4431 Antiochus
3541 4373 3926 4438 Armosata

787 4495 3960 4546 mm

871 4567 927 4636 ι)
961 4569 1033 4631 ι..
1069 4569 1344 4642 xxxin.
1383 4567 1434 4636 ς.
1472 4584 1560 4640 35.
1750 4565 1808 4636 b)
1847 4567 1887 4630 ι,
1921 4585 1973 4632 e,

2165 4570 2215 4638 c)
2248 4570 2289 4632 1,
2328 4586 2371 4625 ο.

2566 4570 2625 4640 d)
2660 4571 2738 4629 de
2767 4575 2885 4633 virt.
2920 4586 2976 4631 et
3010 4578 3105 4638 vit·
3139 4576 3207 4642 1..
3246 4578 3406 4636 Vm.
