4125 5500
630 617 651 635 ι
763 592 1139 669 NVMI
1235 590 2721 709 PRINcffvMXIVDAEAE.
3160 608 3305 680 479
3410 599 3419 607 ·

180 792 515 878 primum,
555 798 745 877 quae
765 809 953 858 certa
981 793 1167 873 sunt,
1219 796 1692 862 commonstre-

179 906 330 950 -mus
362 933 381 962 ,
433 888 650 975 iisque
689 888 1034 967 fruamur,
1088 893 1331 957 deinde
1381 894 1738 960 ediss'erau

183 1000 363 1058 mm,
415 1001 593 1065 qnae
625 989 928 1065 incerta,
981 1008 1352 1073 eorumque
1384 988 1691 1053 enuclea·

181 1082 433 1142 tionem
495 1083 964 1168 permittamus
1043 1086 1444 1169 posteritati.
1555 1085 1690 1147 Nu-

179 1174 567 1241 mulos-hos
603 1177 730 1241 ess‘e
781 1180 1138 1261 Iudaicos,
1204 1182 1502 1247 dubitari
1581 1199 1691 1243 ne·

175 1271 363 1352 quit,
420 1275 671 1358 partim
727 1278 920 1359 quod'
954 1280 1401 1344 animantium
1457 1276 1694 1341 absunt

177 1367 550 1451 imagine3‚
602 1373 852 1455 partim
907 1377 1092 1458 quod
1141 1376 1353 1439 literis
1397 1372 1693 1438 Samari-

181 1466 352 1530 tanis
391 1464 536 1528 sunt
571 1467 889 1553 inscripti.
990 1468 1171 1535 Satis
1213 1474 1421 1536 etiam
1474 1466 1691 1533 verifi-

175 1560 378 1637 mile,
449 1563 722 1625 nomine
793 1566 1251 1632 ΒΑΣΙΛΕΩΣ
1305 1566 1692 1634 ΑΛΕΞΑΝ-

177 1659 412 1723 ΔΡΟΤ
471 1677 607 1720 non
671 1660 1178 1749 intelligendum
1226 1663 1694 1727 Alexandrum

157 1755 436 1837 sSyrum
469 1801 487 1831 ‚
541 1753 652 1817 sed
689 1774 912 1843 regem
954 1755 1088 1823 hoc
1140 1761 1413 1824 nomine
1442 1758 1696 1841 indige-

169 1869 353 1914 nam.
464 1848 742 1913 Exstant
800 1855 978 1918 enim
1042 1856 1302 1920 numuli
1365 1855 1484 1918 alii
1560 1866 1696 1917 n'on

169 1936 470 2010 =multum
518 1944 837 2015 absimilis
880 1952 1208 2032 rationis,
1263 1970 1435 2035 qnos
1466 1951 1696 2036 proxi-

155 2063 275 2107 me
308 2042 717 2123 recenseb0‚
803 2050 922 2130 qui
962 2061 1142 2112 certe
1194 2050 1338 2121 sunt
1374 2047 1700 2133 Antigoni

161 2139 479 2202 Iudaeae
516 2140 718 2224 regis,
770 2156 839 2206 et
871 2143 1028 2210 hinc
1053 2148 1229 2232 regis
1269 2144 1541 2232 quidem
1579 2163 1697 2207 no·

169 2244 328 2301 men
366 2233 635 2299 Graece
671 2236 1026 2325 scriptumz
1079 2241 1528 2307 BAcmenc.
1551 2242 1699 2303 AN·

168 2338 241 2401 T
243 2335 615 2411 lroNQT,
657 2337 854 2399 illinc
899 2338 1064 2401 item
1113 2336 1528 2424 epigraphen
1580 2334 1699 2398 Sa-

172 2433 593 2495 maritanam
638 2431 988 2497 exhibent.
1085 2436 1178 2495 Vt
1245 2452 1406 2517 ergo
1467 2433 1540 2493 in
1592 2429 1700 2492 his

161 2527 440 2592 necess'e
498 2543 635 2587 non
704 2524 835 2600 est,
925 2525 1275 2591 exterum‘
1307 2525 1699 2609 quempiam

159 2625 594 2708 Antigonum
629 2621 984 2705 respicere,
1035 2620 1118 2684 fic
1148 2642 1365 2709 neque
1407 2623 1476 2683 in
1506 2638 1699 2704 prae-

157 2719 475 2783 sentibus
511 2726 816 2782 exterum
867 2719 1356 2783 Alexandrum-
1456 2715 1562 2780 Ex
1601 2713 1699 2777 bi-

153 2818 271 2880 nis
349 2813 768 2877 Alexandris
829 2813 1204 2901 indigeni5‚
1281 2831 1455 2898 quos
1502 2812 1703 2897 supra

155 2908 604 2981 memoravi,
657 2909 884 2994 potius
926 2913 995 2974 in
1024 2909 1406 2997 praesentes
1456 2925 1700 2972 numos

147 3013 265 3091 jus
301 3003 503 3066 haud
540 3001 742 3067 dubie
781 3003 869 3067 est
906 3007 1303 3070 Alexandro
1353 3006 1655 3068 lannaeo
1678 3049 1699 3081 ,

155 3102 286 3188 qui
325 3097 521 3184 ipsos
564 3101 782 3162 ann'os
820 3102 1099 3168 XXVII.
1159 3120 1369 3186 regno
1425 3097 1699 3188 praefu-

153 3202 236 3262 it.
349 3194 518 3275 Quo
585 3196 806 3259 minus
871 3197 1341 3261 Alexandrum
1410 3196 1697 3261 alterum

151 3292 462 3366 malim,
511 3287 582 3353 in
638 3311 840 3373 quem
881 3293 1104 3378 magis
1142 3292 1432 3376 inclinat
1478 3293 1697 3373 Baye-

129 3392 309 3453 'rius
333 3436 361 3466 ‚
419 3384 498 3448 in
532 3387 736 3450 causa
783 3386 910 3467 est,
949 3389 1147 3473 ‚quod
1194 3389 1253 3451 is
1289 3387 1543 3453 nonnisi
1578 3405 1700 3473 per

151 3485 580 3550 seditionem
631 3484 963 3547 Iudaeam
1001 3483 1377 3562 invaserat,
1428 3504 1694 3569 neque,

151 3581 357 3666 quod
399 3578 707 3658 constet,
753 3581 932 3666 regis
968 3598 1216 3644 nomen
1243 3581 1518 3647 tulerat.
1567 3581 1699 3645 Di-

153 3681 404 3746 ximus
427 3723 451 3753 ,
505 3676 620 3759 qui
656 3675 1120 3740 Alexandrum
1157 3676 1404 3760 Syrum
1431 3677 1697 3764 praefe-

156 3783 373 3851 runt,
474 3770 898 3858 potissimum
953 3763 1126 3858 typo
1190 3781 1490 3840 ancorae
1549 3774 1698 3839 niti.

145 3869 322 3933 ‘Non
376 3885 741 3953 repugno,
812 3884 1139 3930 ancoram
1181 3873 1554 3935 -commode
1611 3870 1701 3932 ad

147 3965 420 4049 Syriae
469 3979 707 4047 regem
747 3959 1031 4039 referri,
1081 3961 1196 4026 sed
1257 3969 1370 4046 ajo
1424 3968 1632 4030 etiam
1675 4011 1698 4041 ,

141 4059 348 4147 poss'e
410 4057 544 4123 illa
577 4058 686 4120 seu
730 4055 1028 4135 sacram,
1079 4055 1189 4120 seu
1262 4061 1734 4146 allegoricam·

141 4154 737 4242 significationem
817 4151 1147 4217 contineri
1169 4201 1203 4232 .,
1291 4157 1574 4241 perinde
1621 4175 1703 4220 ac

143 4252 419 4329 bots-o,
477 4250 852 4338 pampino,
903 4265 1148 4325 ramo,
1226 4252 1485 4329 calice,
1558 4250 1702 4337 pal·

131 4368 317 4425 ma,
380 4367 476 4411 ac
531 4345 874 4409 similibus.
973 4343 1091 4408 sic
1132 4356 1201 4407 et
1259 4348 1447 4436 numi
1499 4346 1704 4411 ‘nibe-

141 4444 388 4509 riadis
455 4440 816 4508 Galilaeae
855 4460 1180 4504 ancoram
1247 4439 1463 4507 sistunt
1515 4442 1710 4526 nullo

131 4544 613 4623 ·utique··cum
648 4536 887 4621 Syriae
905 4536 1126 4624 ,rebus
1165 4556 1366 4607 nexu.

690 4643 722 4673 Ο

1876 796 2083 879 Quod
2135 797 2669 867 ad¹Ionathanis
2712 800 2959 863 nomen
3013 796 3301 877 attinet,
3388 842 3401 855 .

1779 894 2140 957 credamus
2184 895 2671 978 Barthelemyo
2725 893 3101 972 adserenti,
3156 915 3298 959 ma·

1778 987 2008 1053 nifeste
2047 990 2213 1053 illud
2256 992 2323 1053 in
2362 992 2583 1056 nuruis
2632 992 2763 1055 suis
2812 992 2984 1076 legi,
3035 989 3299 1055 tametfi

1776 1085 1914 1170 ipse
1956 1104 2089 1148 non
2127 1086 2449 1165 habeam,
2503 1109 2639 1172 quo
2666 1087 2837 1153 istud
2877 1086 3297 1151 confirmem.

1780 1181 2025 1243 Habeo
2058 1194 2211 1243 ante
2236 1185 2473 1246 oculos
2511 1203 2752 1247 numos
2773 1185 2845 1247 id
2868 1202 3074 1266 genus
3109 1183 3298 1264 quin·
3366 1202 3385 1209 ·

1782 1296 1910 1359 que
1937 1324 1955 1354 ‚
2009 1276 2120 1339 sed
2177 1277 2253 1340 in
2292 1277 2539 1362 quibus
2577 1280 2891 1344 omnibus
2944 1278 3298 1355 literarum

1778 1373 1990 1436 radiis
2038 1372 2564 1459 interceptarum
2617 1377 2848 1441 tenuia
2903 1386 3165 1437 tantum
3199 1371 3311 1435 su·-

1779 1468 2048 1553 persunt
2092 1466 2391 1553 vestigia.
2455 1471 2629 1535 .Sed
2664 1473 2814 1556 quis
2868 1471 3113 1534 deinde
3172 1470 3301 1549 erit

1778 1564 2022 1627 horum
2053 1585 2415 1628 numerum
2456 1567 2841 1631 Ionathan?
2892 1565 3302 1648 Conjecerat

1781 1659 1946 1722 olim
1992 1661 2555 1745 Barthelemyus,
2608 1663 2735 1726 esse
2785 1666 2966 1747 ejus,
3038 1663 3156 1748 qu'i
3226 1663 3302 1724 in

1781 1757 2080 1818 Iudaeae
2115 1758 2499 1842 principatu
2554 1757 2841 1823 fratrem
2913 1760 3303 1823 Simeonem

1780 1851 2167 1937 praecessit.
2220 1854 2227 1859 ’
2262 1855 2517 1916 Verum
2556 1857 2851 1918 imitavit
2881 1853 3302 1930 sententiam,

1783 1967 1870 2010 ex
1915 1967 2053 2031 quo
2099 1948 2168 2010 in
2208 1968 2415 2012 numo
2452 1949 2583 2013 -suo
2633 1953 2812 2036 regii·
2868 1952 3140 2015 titulum
3192 1949 3301 2013 Io·

1781 2043 2069 2107 nathani
2119 2045 2428 2108 additum
2463 2046 2664 2123 vidit,
2715 2066 2870 2110 cum
2911 2057 3167 2111 certum
3201 2043 3304 2125 fit,

1779 2144 2079 2228 primum
2144 2138 2335 2205 fuiss'e
2404 2145 2580 2206 inter
2629 2142 3145 2208 Hasamonaeos
3195 2141 3311 2204 Iu·-

1783 2239 1947 2301 dam
1987 2233 2470 2318 Aristobulum,
2504 2238 2622 2323 qui
2660 2239 2733 2301 in
2760 2241 3021 2324 regium
3050 2257 3304 2307 nomen

1787 2334 2131 2396 invaserit.
2235 2337 2329 2396 At
2359 2335 2509 2419 quis
2564 2334 2678 2397 hic
2742 2354 2869 2398 rex
2914 2334 3302 2414 Ionathan,

1783 2448 1941 2491 cum
1984 2429 2068 2491 de
2103 2429 2388 2492 Iudaico
2426 2430 2622 2512 huJus
2660 2430 2950 2495 nominis
2974 2444 3132 2517 rege
3164 2450 3307 2498 non

1787 2522 2087 2585 constet?
2136 2525 2468 2589 Iudicium
2514 2523 2682 2587 istud
2724 2544 2916 2590 meas
2942 2528 3150 2593 *vires
3185 2547 3305 2591 ex·

1787 2618 2028 2682 cedere
2062 2630 2253 2683 tanto
2298 2617 2528 2683 fateor
2576 2618 2913 2689 lubentius
2936 2666 2960 2697 ‚
3043 2634 3305 2708 quanto

1773 2716 2091 2801 -apertius
2125 2712 2456 2801 profess'us
2485 2712 2577 2779 est
2616 2714 3138 2802 Barthelemyus
3160 2717 3305 2803 ipse

1773 2813 1955 2899 -regii
1992 2812 2187 2894 hujus
2225 2813 2408 2876 numi
2449 2830 2701 2897 praeco
2750 2824 2822 2875 et
2877 2813 3123 2891 index,
3209 2815 3307 2876 ad

1773 2909 2273 2994 explicandum
2302 2909 2435 2972 hoc
2491 2905 2772 2970 dubium
2815 2919 3090 2995 praeter
3134 2926 3305 2974 con-

1781 3008 2079 3088 jecturas
2130 3005 2300 3069 nihil
2327 3002 2444 3068 fibi
2487 3000 2750 3089 praesto
2786 3005 2938 3071 effe.
2972 3057 2981 3064 .

2438 3101 2455 3116 ¹
2541 3099 2573 3131 ὕ

2359 3152 2389 3184 t
2714 3150 2749 3184 Q

1885 3198 2286 3262 Alexandro
2326 3197 2629 3262 Iannaeo
2664 3216 2911 3262 numos
2951 3197 3126 3264 alios
3172 3198 3304 3263 Ba-

1780 3296 2016 3377 yerius
2059 3294 2228 3359 olim
2259 3313 2382 3380 per
2418 3296 2877 3375 conjecturam
2912 3292 3254 3379 adscripsit
3277 3341 3305 3373 ‚

1784 3391 1897 3453 sed
1943 3391 2346 3454 retractavit
2384 3389 2629 3465 serius,
2680 3403 2752 3453 ut
2785 3389 3078 3453 diximus
3106 3390 3310 3475 supra

1780 3487 1853 3549 in
1884 3487 2105 3549 numis
2138 3483 2497 3552 Hebraicis
2535 3483 2779 3550 dubiis.

2540 3577 2575 3610 Q

2360 3630 2393 3664 4
2710 3629 2752 3663 0

1801 3697 1808 3702 ·
1879 3677 2276 3743 Alexandro
2304 3674 2605 3738 lannaeo
2622 3674 2695 3737 in
2728 3672 3131 3761 pontificatu
3165 3676 3305 3743 sue-

1787 3775 1967 3840 cedit
2001 3772 2183 3836 filius
2224 3770 2607 3855 Hyrcanae,
2660 3770 2775 3834 sed
2830 3792 2915 3836 eo
2958 3773 3149 3837 victo
3205 3794 3310 3837 re·

1773 3889 1990 3958 gnum
2056 3881 2355 3952 occupat
2428 3865 2647 3931 frater
2724 3865 3123 3956 Argoae-utus
3158 3871 3308 3936 -ΙῙ,

1781 3970 1880 4031 At
1916 3965 2281 4050 Pompeius
2319 3974 2461 4025 tum
2499 3962 2820 4026 Damasci
2853 3983 3068 4048 agens
3117 3967 3312 4029 audi-

1768 4063 1876 4126 -tis
1908 4055 2255 4144 utriusque
2301 4056 2537 4121 fratris
2590 4056 2851 4140 juribus
2902 4059 3313 4141 Hyrcanum

1789 4154 2225 4243 pontificem,
2291 4153 2404 4216 sed
2467 4151 2729 4237 absque
2786 4152 2964 4238 regis
3030 4155 3312 4219 nomine

1791 4250 2172 4328 constituit,
2224 4246 2682 4312 aristobulum
2736 4267 2887 4311 cum
2940 4246 3098 4312 filiis
3150 4251 3308 4315 Ale-

1788 4348 2055 4412 xandro
2119 4357 2186 4410 et
2245 4346 2589 4432 Antigono
2666 4356 2947 4430 captum
3014 4346 3313 4410 Romam

1795 4444 2097 4509 abducit.
2212 4440 2562 4506 Libertate
2610 4440 2888 4505 subinde
2930 4439 3315 4526 &Caesare

1783 4540 2037 4607 -donati
2059 4586 2084 4618 ‚
2137 4550 2205 4603 et
2249 4537 2678 4605 iii-Iudaeam
2728 4539 3017 4616 reduces
3062 4535 3313 4602 Aristo·
