4125 5500
1088 568 1515 651 REGEs
1627 568 2358 658 PARTHIAE.
2450 613 2500 672 „

139 776 437 841 'leriniue
481 776 716 841 Ar'saci
746 776 863 841 VI.
905 774 1223 863 largitur,
1277 775 1391 860 qui
1426 772 1685 840 animal

149 872 568 937 [imillimum
603 871 890 936 ostentat
920 872 1226 949 adfixum
1269 872 1450 936 collo
1481 875 1683 958 regia,

153 967 440 1055 Augusti
476 990 724 1034 aevum
757 970 957 1056 longe
996 973 1508 1056 praevertentis.
1559 971 1683 1032 Er-

81 1064 96 1075 “
151 1086 253 1151 go
302 1065 472 1130 illud
513 1065 788 1131 facilins
834 1066 977 1132 alia
1007 1068 1282 1145 omnia,
1338 1086 1545 1151 quam
1568 1067 1683 1129 de·

150 1163 377 1226 latum
430 1161 728 1249 Augusto
788 1161 1183 1250 obsequium
1257 1161 1677 1249 significabit,
1735 1200 1750 1223 .

149 1258 317 1322 Non
369 1257 574 1345 igitur
618 1279 1037 1347 magnopere
1072 1257 1381 1338 obstabo,
1435 1258 1478 1320 fi
1528 1259 1681 1343 quis

149 1372 408 1419 numos
452 1354 693 1421 similes
737 1359 828 1427 ad
879 1356 1094 1421 alium
1128 1356 1318 1422 volet
1359 1356 1682 1420 Arsacem

153 1451 502 1530 derivare,
554 1452 671 1517 nifi
708 1452 888 1518 forte
922 1452 1320 1540 religionem
1351 1453 1686 1517 incutiant

145 1549 340 1613 ‘tituli
380 1550 612 1628 iidem,
667 1552 908 1636 quibus
943 1546 1310 1614 Phraatem
1343 1551 1462 1615 lv.
1496 1549 1682 1613 usum

147 1645 670 1724 certo-constat,
721 1646 840 1713 sed
865 1647 1109 1732 quibus
1153 1648 1359 1711 etiam
1395 1667 1517 1711 rex
1561 1645 1681 1710 aii-

152 1760 243 1803 us
285 1744 380 1805 uti
425 1745 670 1827 potuit.
772 1746 948 1809 Vide
985 1744 1236 1821 etiam,
1308 1763 1483 1827 quae
1549 1742 1684 1806 huc

151 1835 492 1902 facientia
522 1840 594 1903 in
621 1840 869 1905 Arsace
899 1840 1149 1905 XVIII.
1187 1839 1473 1907 notabo.

302 2032 376 2098 A
391 2030 450 2099 R
467 2031 528 2098 S
541 2032 614 2099 A
632 2032 825 2100 CES
865 2033 1072 2107 XVI.
1123 2028 1538 2101 Phraata-es.

149 2252 156 2257 ·
268 2222 404 2288 Vix
441 2244 723 2311 regnum
782 2224 1159 2305 delibavit,
1209 2226 1340 2289 [hie
1405 2238 1688 2312 propter

155 2333 483 2385 necatum
524 2334 790 2407 patrem
847 2322 1162 2388 infensus¹
1196 2346 1233 2387 e
1282 2324 1514 2387 medio
1560 2320 1686 2386 tol-

157 2416 333 2481 litut
366 2420 447 2479 V.
485 2416 561 2486 C.
616 2437 782 2501 757.

300 2609 826 2712 ARSAGES
865 2609 1111 2678 XVII.
1166 2609 1409 2679 Orodes
1455 2610 1560 2678 II.

270 2799 606 2868 Incertum
632 2854 650 2884 ,
708 2825 848 2889 quo
893 2815 1090 2892 patre
1133 2817 1335 2870 natus
1370 2826 1414 2869 a
1448 2825 1687 2893 proce·

157 2899 356 2965 ribus
392 2902 482 2964 ad
535 2901 927 2965 Parthicum
983 2921 1264 2987 regnum
1313 2915 1688 2982 evocatur,

133 2997 278 3059 sed
315 2996 403 3060 ab
433 2998 677 3061 iisdem
709 3011 993 3084 propter
1039 2999 1511 3065 crudelitatem
1542 2998 1690 3086 post

160 3113 428 3179 paucos
475 3095 729 3159 menses
772 3095 1128 3161 occiditur.

244 3287 788 3357 ARSACES
827 3285 1118 3356 XVIII.
1200 3286 1495 3356 Vonones
1542 3290 1606 3355 I.

261 3479 583 3547 Phraatis
602 3480 717 3544 lv.
755 3477 934 3544 filius
957 3526 976 3558 ,
1028 3480 1255 3546 Roma
1278 3527 1299 3558 ,
1348 3480 1467 3544 ubi
1505 3499 1689 3545 com·

157 3580 396 3665 plures
424 3596 640 3643 annos
681 3576 873 3640 obses
909 3577 1209 3640 retentus
1246 3590 1418 3655 erat,
1471 3575 1688 3641 feren·

161 3690 242 3739 te
268 3673 561 3761 Augusto
602 3685 929 3738 evocatus
975 3693 1254 3757 regnum
1311 3675 1500 3753 adit,
1579 3674 1689 3737 sed

162 3772 446 3836 Parthis
466 3773 820 3834 Romanos
844 3770 913 3832 in
950 3789 1107 3855 rege
1142 3769 1260 3834 suo
1293 3789 1520 3834 mores
1551 3789 1689 3840 non

119 3893 128 3900 ·
165 3867 544 3930 ferentibus
579 3867 858 3929 inducto
909 3885 1072 3950 rege
1110 3866 1251 3929 alio
1305 3869 1590 3951 ejicitur.

269 3963 351 4027 Ei
388 3962 795 4028 Vaillantius
851 3960 1089 4025 tribuit
1146 3964 1546 4028 drachmam
1604 3984 1691 4027 ex

117 4079 406 4125 ⁴earum
451 4079 728 4144 genere,
780 4077 951 4143 quas
998 4059 1067 4121 in
1129 4073 1324 4143 patre
1393 4061 1690 4125 Phraate

167 4158 298 4231 lv,
335 4158 669 4234 recitavi,
723 4168 950 4220 motus
988 4175 1122 4220 ave
1169 4157 1261 4220 ad
1326 4169 1538 4241 caput
1587 4175 1722 4221 re„

164 4257 273 4342 gis
314 4253 721 4329 advolante,
775 4273 980 4337 quam
1031 4251 1335 4335 aquilam
1373 4253 1576 4331 dicit,
1626 4275 1692 4317 e.

168 4371 425 4434 amque
459 4364 787 4435 tanquam
840 4350 1081 4436 insigne
1149 4352 1228 4413 R.
1265 4349 1532 4434 imperii
1569 4352 1691 4414 ad·

166 4447 493 4525 stitutam‚
545 4460 618 4509 ut
650 4467 925 4534 regnum
957 4447 1018 4509 se
1056 4466 1100 4510 a
1131 4447 1460 4509 Romanis
1502 4464 1692 4509 acce·

149 4543 764 4631 pissetestaretnr,
816 4545 1002 4629 qnod
1029 4543 1250 4628 ipsimi
1299 4541 1691 4605 immoria-

166 4642 478 4707 consulto
541 4642 873 4705 invidiam
934 4641 1120 4725 apud
1191 4639 1341 4704 suos
1396 4641 1689 4704 auxerit.

3151 600 3294 669 ³33
3368 640 3373 645 -

1772 771 1945 838 Istud
1982 771 2026 835 fi
2072 791 2345 849 verum,
2410 738 2659 835 'iterum
2708 771 2969 859 aliquid
3024 775 3299 841 decedit

1772 873 2202 952 conjecturae
2233 865 2600 946 Penei-inii,
2652 868 2892 935 similes
2928 870 3294 954 drachman

1770 967 2053 1031 Phraati
2086 967 2201 1032 IV.
2238 965 2616 1034 tribuentis.

1817 1158 2333 1227 ARSACES
2391 1160 2588 1229 XIX.
2653 1151 3047 1232 Artabanus
3091 1165 3241 1232 III.

1867 1355 2000 1418 Per
2041 1338 2336 1436 matrem
2389 1375 2477 1420 ex
2542 1357 3014 1427 Arsacidarum
3068 1373 3294 1447 ⁸gente

1770 1453 2081 1517 Vononis
2127 1452 2292 1515 odio
2328 1453 2420 1515 ad
2475 1472 2757 1540 regnum
2798 1469 3129 1536 vocatus,
3180 1458 3296 1523 sed

1767 1570 1814 1614 a
1844 1549 2196 1623 Tiridate,
2251 1566 2453 1632 quem
2486 1551 2762 1615 Romae·
2790 1552 3137 1617 detentum
3173 1556 3295 1619 Ti-

1770 1646 1998 1710 berius
2086 1645 2473 1731 petentibus
2563 1649 2836 1713 Parthis
2883 1650 3295 1732 indulserat,

1769 1741 1991 1829 pulsus
2016 1788 2036 1819 ‚
2086 1743 2330 1806 iterum
2370 1741 2460 1805 ab
2494 1742 2786 1809 instabili
2821 1747 3080 1833 popuio
3117 1746 3297 1812 resti·

1767 1841 2004 1902 tuitur.
2137 1837 2715 1922 Mesopotamiam
2760 1860 2916 1905 cum
2990 1847 3297 1911 exercitu

1768 1934 2091 2020 ingressus
2141 1952 2186 1995 a
2224 1933 2304 1999 L.
2335 1934 2616 2000 vitellio
2676 1937 2920 2023 Syriae
2988 1939 3300 2025 praeside

1765 2029 1887 2095 fibi
1939 2033 2031 2095 ad
2092 2028 2513 2115 Euphratem
2582 2047 2981 2100 occurrente
3029 2048 3301 2102 tantum

1768 2129 2049 2192 terroris
2094 2130 2392 2214 accipit,
2461 2140 2536 2193 ut
2571 2130 2846 2218 Augusti
2900 2146 2970 2196 et
3025 2130 3309 2220 Caliga&

1769 2227 2061 2307 laetum
2129 2224 2532 2310 imperantis
2586 2224 2833 2292 statuas
2917 2229 3294 2317 impetrato

1771 2321 2125 2404 colloquio
2155 2323 2521 2399 adoraret,
2576 2334 2645 2387 et
2699 2323 2956 2390 liberos
3032 2324 3300 2390 obfides

1771 2419 1985 2483 daret.
2089 2419 2302 2480 Varia
2330 2415 2611 2481 fortuna
2642 2421 2734 2483 ad
2769 2434 3146 2487 extremum
3187 2436 3301 2488 us·-

1771 2533 1902 2597 que
1993 2512 2291 2597 agitatus
2400 2531 2554 2575 cum
2640 2518 2974 2601 regnasset
3079 2538 3301 2583 annos

1769 2608 2119 2687 XXVIII„
2175 2620 2479 2672 mortuus
2518 2605 2607 2671 est
2653 2609 3035 2698 imperante
3088 2614 3300 2680 Clau-

1770 2706 1913 2771 dio.
3083 2720 3095 2756 ¹

1865 2803 1948 2867 Ei
1987 2787 2400 2866 Vaillantius
2444 2802 2845 2867 drachmam
2890 2806 3132 2871 tribuit
3195 2808 3297 2873 in·

1768 2899 2085 2985 scriptam
2118 2921 2144 2961 ι
2228 2902 2708 2965 ΒΛΣΙΛΕΩΣ.
2804 2903 3299 2976 ΒΑΣΙΛΕΩΝ,

1771 2998 2222 3062 ΑΡΣΑΚΟΤ.
2284 2998 2846 3063 ΑΜΦΙΜΑΧΟΤ.
2912 2999 3298 3065 ΕΊἙΡΓΕ-

1768 3095 1986 3166 ΤΟΤ.
2033 3093 2591 3158 ΕΠΙΦΑΝΟΤΣ.
2656 3093 3296 3173 ΦΙΛΕΛΑΗΝΟΣ.

1769 3188 1980 3253 Nulla
2014 3179 2170 3254 sane
2221 3200 2410 3252 certa
2440 3189 2706 3253 ratio'ne
2756 3190 2873 3255 hic
2914 3193 2980 3255 ei
3051 3212 3296 3259 numus

1772 3287 2230 3370 adjudicatur.
2333 3283 2650 3349 ceterum
2723 3286 2959 3351 titulus
3039 3290 3299 3355 ΛΜΦΙ-

1637 3411 1646 3422 ·
1753 3384 2121 3454 ·ΜΛΧΟΤ.
2162 3401 2273 3445 res
2312 3399 2534 3459 nova,
2589 3394 2658 3445 et
2692 3382 3107 3448 vocabulum
3141 3384 3299 3470 ipiia

1751 3478 2280 3563 ‘lexicographis
2326 3478 2674 3562 ignotum,
2728 3477 2841 3540 sed
2888 3499 3169 3557 vereor,
3226 3495 3303 3545 ut

1751 3578 1901 3639 ‘rite
1930 3574 2111 3636 lecta
2136 3573 2213 3636 fit
2246 3572 2659 3658 epigraphe.·
2744 3572 2967 3659 Saepe
2987 3575 3055 3639 in
3076 3578 3148 3639 id
3185 3598 3296 3663 ge·

1773 3691 1896 3735 nus
1938 3668 2280 3733 drachmis
2316 3671 2416 3733 ita
2473 3670 2798 3752 disjectae
2832 3669 2978 3733 sunt
3013 3673 3293 3752 literae,

1773 3780 1848 3832 ut
1877 3765 2085 3830 facile
2120 3767 2273 3849 quis
2306 3765 2725 3831 vocabulum
2775 3766 2987 3852 possit
3019 3769 3300 3834 alterius

1775 3862 2275 3950 significat-ionis
2314 3862 2556 3925 elicere
2582 3909 2603 3940 ,
2655 3862 2766 3926 sed
2807 3883 3015 3947 quam
3056 3886 3302 3932 mone-

1769 3961 1990 4025 tarius
2029 3949 2250 4046 reipsa
2280 3977 2418 4022 non
2436 3959 2822 4028 intenderit.
3252 3977 3259 3986 ·

2526 4053 2559 4087 ὕ

2349 4105 2381 4139 *t
2704 4104 2740 4140 ὕ

1869 4153 2026 4216 Hoc
2059 4152 2218 4216 loco
2270 4150 2759 4236 chronologiae
2805 4149 3008 4214 causa
3057 4151 3296 4216 descri-

1775 4251 1982 4316 bendi
2012 4251 2200 4313 numi
2249 4248 2596 4333 sequentes
2627 4271 2645 4312 t
3072 4271 3079 4280 ¹

1876 4348 2080 4432 Caput
2118 4351 2296 4433 regis
2335 4343 2676 4410 barbatum
2732 4363 2965 4410 corona
3020 4342 3300 4410 rotunda

1776 4454 2015 4509 tectum.
2115 4450 2174 4518 x
2272 4443 2750 4508 ΒΑΣΙΛΕΩΣ.
2819 4440 3298 4507 ΒΑΣΙΛΕΩΝ.

1779 4543 2220 4606 ΔΡΣΑΚΘῬ.
2264 4539 2836 4604 ΕΤΕΡΓΕΤΟΤ.
2906 4538 3297 4604 ΔίΚΑΙΟΤ.

1777 4638 2331 4707 ΕΠΙΦΑΝΟΥΣ.
2369 4636 2997 4704 ΦΙΛΕΛΛΗΝΟΣ.
3064 4631 3294 4700 Victo-
