4125 5500
1434 575 2105 662 ·PHRYGIA.
2212 605 2226 621 ’

234 798 309 848 ut
360 787 429 849 in
471 769 690 851 numis
734 785 1122 853 Laodiceae
1152 785 1493 874 Phrygiae
1542 786 1740 850 Atta-

236 882 376 958 lus,
443 893 519 944 ut
589 883 1017 961 videbimus,
1105 883 1465 968 Smyrnam
1534 892 1746 946 vocat

231 978 557 1063 patriam,
591 998 635 1041 a
663 999 800 1063 qua
825 978 958 1044 fuit
986 981 1380 1065 adoptatus.
1484 977 1743 1040 Eodem

228 1074 440 1136 modo
468 1074 762 1140 vidimus
804 1076 874 1138 in
896 1095 1103 1140 numo
1135 1069 1743 1162 Aphrodisiensium

118 1210 133 1218 -
232 1169 479 1234 Cariae
512 1171 955 1255 Apollonium
1007 1172 1143 1235 dici
1187 1171 1426 1236 TION.
1471 1170 1741 1237 ΑΦΡΟ·

228 1264 603 1329 ΔΙΕΙΕΩΝ.
706 1265 1086 1331 Secundum
1126 1268 1303 1331 hanc
1340 1267 1560 1353 legem
1596 1263 1743 1329 sae·

225 1360 382 1446 pius
471 1362 949 1447 explicandum
1025 1361 1443 1428 vocabulum
1501 1362 1744 1438 TIoc,

225 1474 381 1517 cum
432 1457 503 1521 in
544 1458 763 1520 numis
809 1463 1144 1536 occurrit,
1198 1460 1384 1541 cujus
1430 1457 1750 1544 exempla

224 1550 371 1613 alia
420 1571 507 1616 ex
565 1553 1025 1618 marmoribus
1087 1553 1383 1617 collecta
1455 1553 1643 1617 vide·
1678 1553 1749 1616 in

221 1645 686 1714 differtatione
720 1650 805 1712 de
840 1650 1074 1729 Boze‚
1126 1646 1192 1733 ¹)
1245 1661 1312 1714 et
1366 1649 1549 1737 apud
1620 1646 1746 1711 Cu-

216 1760 490 1828 perum.
542 1732 610 1825 b)

312 1839 751 1926 Magistratus

308 1934 622 2002 Archon.-
670 1937 1068 2004 APXONT.
1115 1934 1652 2004 ΔΙΟΓΕΝΟΤΣ.
1679 1935 1750 2000 in

208 2050 431 2096 numo
480 2030 794 2113 Claudii,
850 2054 1050 2118 quem
1107 2035 1275 2096 citat
1338 2052 1508 2095 unus
1559 2031 1746 2095 Vail-

209 2127 523 2206 lantius,
575 2126 617 2190 fi
650 2132 858 2194 modo
907 2127 1274 2216 epigraphe
1324 2128 1449 2190 rite
1538 2128 1741 2192 lecta.

213 2219 500 2300 Claudii
538 2238 762 2290 aetate
798 2227 921 2290 vix
972 2222 1393 2310 magistratus
1447 2224 1742 2309 dignitas

206 2319 442 2404 nuruis
509 2317 961 2392 Cotiaenfium
1034 2319 1300 2384 inscribi
1368 2320 1735 2385 consuevit.

206 2411 389 2480 Inde
437 2414 526 2479 ab
598 2416 853 2481 Severo
919 2416 1182 2500 saepius
1228 2416 1475 2500 legitur
1537 2417 1734 2478 APX·

210 2505 396 2572 Cum
430 2510 500 2572 in
533 2511 797 2594 aliquot
820 2511 1039 2576 numis
1061 2520 1376 2572 notentur
1409 2505 1736 2591 ἁρχιερεις,

202 2601 590 2689 suspicatur
645 2607 1066 2686 FrolichiuS,
1131 2605 1341 2668 etiam
1390 2602 1734 2666 vocabulo

202 2711 493 2763 curtato
544 2701 742 2767 APX.
794 2702 1082 2766 indicari
1139 2699 1496 2788 ΑΡΧιερεα.

205 2798 616 2858 autonomis
658 2817 928 2883 quoque
970 2797 1327 2859 archontes
1364 2791 1740 2859 constanter

203 2901 572 2971 notantur,
626 2914 912 2977 quorum
942 2904 1132 2954 aetas
1170 2908 1257 2953 ex
1279 2889 1739 2977 imperatoriis

198 2984 574 3065 definitur,
628 2986 750 3051 fic:
822 2991 927 3069 Π.
965 2988 1149 3052 ΑΙΛ.
1235 2984 1748 3067 ΔΗΜΗΤΡΙΑ-

130 3170 141 3178 ·
200 3082 269 3144 N
275 3082 419 3148 OC.
466 3082 725 3168 legitur'
752 3086 958 3148 etiam
996 3084 1065 3146 in
1098 3084 1329 3146 numis'
1362 3080 1737 3159 Valeriani,

196 3181 392 3242 IOA.
429 3176 937 3273 ΚΟΔΡᾼΤΟΕ.
984 3181 1193 3242 etiam
1250 3179 1318 3241 in
1365 3177 1585 3241 numis
1623 3176 1734 3240 Se-

196 3276 394 3351 veri,
455 3286 524 3338 et
567 3274 930 3340 Otaciliae.
1032 3275 1225 3350 Idem
1274 3274 1521 3337 dicitur
1552 3273 1732 3335 Neo·

194 3388 411 3434 corus
466 3371 538 3434 in
574 3384 947 3437 autonomo
1004 3371 1193 3459 apud
1250 3369 1686 3448 Pellerinium
1709 3388 1755 3449 ,ν

162 3452 264 3529 ἐἰ
321 3459 743 3547 Panelium‚·
788 3466 1135 3554 (Cistoph.
1194 3487 1265 3555 p.
1321 3462 1490 3548 4ο.)
1563 3464 1730 3529 em.

187 3566 372 3628 ῙΟΤ.
410 3566 937 3631 ΚΟΔΡΑΤΟΤ.
994 3564 1196 3629 Neo.
1229 3550 1367 3626 AF.
1421 3560 1733 3646 Denique

187 3659 683 3726 AIOI'CNHC.
721 3659 1211 3729 AIONTCIOC.
1243 3652 1358 3722 sub
1390 3654 1732 3721 Gallieno.

283 3756 612 3821 Summus
639 3756 935 3842 sacerdos
988 3759 1057 3822 in
1115 3755 1291 3819 binis
1341 3755 1559 3817 numis
1615 3752 1736 3833 ob-

179 3852 567 3917 servatur:
637 3854 800 3917 ΕΠΙ.
869 3856 941 3920 Γ.
997 3855 1171 3920 lor.
1231 3850 1730 3916 noNTlxo‘r.

179 3944 627 4015 APXIEPE.
688 3949 1001 4016 Macrini.
1073 3948 1489 4037 (Pellerin.)
1560 3945 1726 4009 6111.

184 4049 265 4110 Γ.
354 4047 547 4111 ῙΟΤ.
644 4038 1139 4111 ΠΟΝΤΙΚΟΤ.
1227 4038 1726 4108 ΑΡΧΙΕΡΕΩΕ.

184 4141 526 4227 Philippi
575 4137 705 4203 sen.
747 4139 966 4225 (Mus.
1015 4136 1260 4219 Caes.)
1309 4139 1597 4202 Videtur
1647 4134 1727 4200 C.

183 4238 415 4302 Iulius
448 4236 788 4301 Ponticus
827 4227 1138 4323 ἁρχιερευς
1192 4233 1290 4301 δια
1329 4240 1420 4298 tce
1447 4231 1661 4299 fuiffe.
1764 4294 1771 4305 ,

1662 2696 1803 2761 In'

3167 549 3446 680 mm*

1920 785 2252 873 Hippias.

1922 881 2090 948 cm.
2138 882 2308 948 ῙΟΤ.
2355 881 2871 951 ΚΟΔΡΑΤΟΤ.
2902 883 3135 950 ΤΙΟΥ.
3169 889 3346 953 ΙΠΠ.

1824 976 2021 1041 ΑΡΧ.
2077 978 2446 1043 Otaciliae.
2503 980 2722 1066 (Mus.
2757 976 3007 1062 Caes.)

1919 1072 2088 1139 (3111.
2140 1078 2225 1139 Π.
2277 1077 2460 1154 AIA.
2516 1075 3342 1142 ΔΗΜΗΤΡῙΑΝΟΤᾸΠ-

1824 1170 2006 1234 ΠΙΚ.
2079 1171 2278 1236 APX.
2371 1171 2766 1250 Valeriani,
2830 1170 3088 1257 (Vaill.
3170 1171 3344 1235 Mus.

1827 1259 2078 1348 Caes.)
2129 1279 2198 1330 et
2239 1269 2311 1330 in
2368 1279 2765 1332 autonom0.
2821 1263 3247 1353 (Pellerin.)
3381 1317 3384 1326 .

1920 1362 2368 1440 Vaillantiu8‚
2421 1365 2698 1449 ejusque
2733 1362 3013 1426 asseclae
3043 1361 3340 1425 vocabu-

1824 1453 1898 1519 la
1929 1460 2109 1521 Il'lII.
2167 1456 2293 1521 vel'
2342 1459 2660 1537 mnne,
2730 1479 2906 1546 quae
2967 1458 3036 1519 in
3115 1459 3339 1520 numis

1826 1551 2039 1644 Iuliae
2074 1550 2290 1617 Gordi
2343 1551 2651 1636 Lydiae,
2705 1568 2772 1620 et
2820 1555 3151 1635 Smyrnae
3233 1552 3339 1614 10-

1823 1648 1979 1709 niae
2020 1648 2282 1732 plenius
2314 1649 2621 1735 leguntur
2651 1648 3027 1719 ΙΠΠῙΚΟΤ
3049 1696 3068 1726 ,
3123 1647 3335 1734 expli-

1823 1756 1937 1805 cat
2002 1743 2259 1826 Hippia·
2294 1743 2478 1829 filius
2498 1767 2526 1826 ς
2616 1765 2854 1810 verum
2898 1747 2981 1809 iis
3054 1744 3344 1807 indicari

1820 1837 2083 2001 equiqtes
2116 1839 2508 1919 Romanos,
2580 1842 3074 1931 explicabimus
3139 1837 3329 1903 alibi.

2162 2124 3010 2200 DtocAEsAREA.
3075 2111 3084 2119 ’

1912 2317 2090 2383 Tres
2136 2323 2323 2386 numi
2362 2322 2451 2387 ab
2491 2321 2890 2410 antiquariis
2935 2323 3069 2387 huc
3130 2316 3334 2384 refer·
3455 2371 3460 2376 .
3541 2401 3546 2408 ,

1814 2413 1873 2475 ri
1918 2412 2172 2491 solent,
2223 2423 2617 2502 Imperatoria·
2665 2438 2944 2482 omnes:
3134 2453 3139 2460 ·

1915 2508 2611 2579 AloxAchPfflAc.
2678 2511 2989 2597 Templum
3050 2535 3100 2596 4
3170 2497 3334 2586 coti.

1812 2602 1882 2664 in
1916 2620 2037 2685 quo
2081 2599 2526 2693 Pcillasflans,
2581 2606 2968 2671 Commodi.
3022 2601 3323 2690 (Vaill.)
3459 2632 3465 2637 ·

1920 2697 2598 2767 ΔΙΟΚΛΙΕΛΡΕΩΝ.
2710 2699 3332 2767 ΚΕΡΕΤΑΠΕΩΝ.

1817 2787 2026 2875 Cybele
2043 2791 2304 2880 fidens,
2356 2795 2745 2862 Commodi.
2816 2800 2848 2885 (
2880 2792 3137 2878 Vaill.)

1911 2890 2403 2955 ΑΔΡΙΑΝΩΝ.
2432 2891 3110 2959 ΔΙΟΚΑΙΕΑΡΕΩΝ.
3168 2884 3364 2955 For-'

1813 2995 1966 3052 tuna
1994 2986 2527 3077 stansKSeveri.
2583 2988 2941 3074 (Pellerin.
2978 2988 3142 3053 Mel.
3181 2980 3331 3066 ΙΙ.)

1917 3084 2217 3159 Vereor,
2291 3094 2366 3145 ut
2438 3085 2550 3147 vel
2623 3102 2790 3147 unus
2853 3084 3099 3148 horum
3173 3078 3334 3145 huic

1811 3177 2153 3262 Phrygiae
2201 3177 2351 3240 urbi
2407 3191 2792 3267 competat,
2846 3197 2929 3244 ac

1913 3275 2176 3339 Pn'mus
2237 3274 2509 3358 quidem
2572 3296 2658 3338 ex
2726 3287 2898 3363 typo
2951 3266 3187 3359 templi
3253 3288 3319 3353 4.

1815 3370 2305 3445 columnarum,
2356 3370 2472 3457 qui
2502 3372 2719 3434 numis
2752 3373 3019 3435 urbium
3061 3369 3325 3452 Syriae,

1818 3466 2233 3542 Phoenices,
2346 3465 2698 3530 Galilaeae
2759 3465 3123 3529 familiaris
3187 3462 3323 3541 est,

1816 3562 2087 3626 videtur
2139 3562 2366 3648 potius
2412 3561 2908 3631 Diocaesareae
2968 3556 3322 3623 Galilaeae

1812 3647 2234 3721 tribuendus„
2335 3658 2591 3722 Saltem
2658 3670 2844 3721 certa
2886 3660 3062 3719 ratio
3144 3653 3330 3716 nulla

1812 3752 2083 3841 prorsus
2133 3749 2260 3831 est,
2318 3774 2437 3818 cur
2498 3754 2610 3818 hic
2662 3771 2903 3817 numus
2970 3752 3167 3832 hujus
3252 3747 3328 3812 fit

1813 3851 2042 3936 potius
2084 3846 2602 3927 Diocaesareae‚
2656 3869 2861 3935 quam
2895 3847 3170 3912 alterius
3209 3844 3321 3909 seu

1819 3943 2174 4009 Galilaeae
2206 3990 2225 4023 ,
2277 3944 2388 4008 seu
2421 3943 2724 4009 Ciliciae.
3252 4012 3266 4027 ,

1913 4038 2234 4107 Secundus
2290 4060 2336 4104 a
2382 4040 2754 4104 Vaillantio
2804 4039 2935 4102 huc
2979 4051 3267 4101 vocatur
3295 4084 3317 4117 ,

1814 4134 2047 4219 quod,
2098 4146 2174 4195 ut
2228 4137 2577 4220 opinatur,
2657 4134 3093 4196 concordiam
3147 4134 3318 4196 inter

1812 4229 1993 4307 hanc
2012 4228 2564 4308 Diocaesaream,
2591 4240 2660 4293 et
2694 4227 3071 4319 Ceretapen
3095 4227 3317 4312 Phry-

192 4482 3353 4518 w

258 4605 323 4669 a.)
365 4602 438 4655 Β.
481 4598 553 4654 L.
590 4600 661 4655 T.
698 4599 827 4654 XV.
861 4616 920 4672 p.
956 4611 1082 4667 474.

1306 4597 1365 4666 b)
1398 4598 1607 4654 Lente·
1643 4615 1700 4671 p·
1732 4614 1825 4672 59,
