4125 5500
780 612 917 665 8³02

806 803 878 869 ut
914 776 1217 851 'diximus
1260 788 1332 850 in
1368 786 1562 869 huius
1596 785 1848 849 insulae
1883 787 2130 849 numis.
2183 787 2318 850 An·

797 887 871 951 ni
925 884 1109 969 regni
1149 885 1235 948 K.
1274 896 1341 950 et
1371 885 1516 949 ΜΒ.
1557 882 1848 947 ducendi
1885 880 1973 946 ab
2019 901 2199 947 anno
2231 886 2315 977 V.

2066 583 2723 662 ARMENIA.

2403 784 2481 849 C.
2523 798 2688 866 718.
2716 831 2735 861 ,
2788 803 2923 868 quo
2959 780 3129 846 illud
3167 779 3256 845 ab
3281 746 3626 849 Archelao
3665 783 3906 849 aditum

2399 881 2722 947 diximus.
2827 879 3084 946 Clavae
3117 880 3298 944 ratio
3334 879 3503 947 mihi
3533 882 3794 966 ignota.

1954 1538 2796 1655 ARMENIA

798 1992 890 2101 In
925 2037 1253 2118 majorem
1295 2043 1363 2096 et
1390 2033 1721 2097 minorem
1757 2028 2003 2121 divisa.
2021 2047 2311 2113 quarum

785 2135 911 2198 illa
942 2134 1011 2194 in
1050 2133 1419 2208 orientem,
1487 2128 1663 2191 haec
1703 2127 1773 2188 in
1816 2125 2128 2189 occasum
2162 2146 2311 2190 ver-

785 2228 1034 2316 gebat,
1089 2225 1256 2288 olim
1283 2223 1493 2287 Persis
1540 2222 1794 2309 paruit.
1895 2220 2161 2283 Horum
2191 2222 2311 2285 im·

787 2325 981 2410 perio
1032 2320 1121 2383 ab
1156 2320 1552 2383 Alexandro
1605 2316 1835 2380 everso
1882 2313 2028 2399 post
2077 2318 2314 2380 varias

788 2419 976 2483 vices
1016 2415 1083 2480 in
1140 2413 1650 2478 Seleucidarum
1701 2408 2104 2496 potestatem
2156 2430 2311 2474 con-

2746 2020 3587 2103 'ARSAMOSATA-

2493 2218 2714 2284 Fuere
2741 2268 2761 2299 ,
2817 2223 2934 2309 qui
2967 2242 3245 2287 numum
3301 2225 3402 2289 M.
3454 2227 3709 2291 Aurelii
3754 2250 3904 2315 pro-

2398 2317 2779 2403 mulgarent
2827 2339 2980 2381 cum
3042 2320 3305 2383 credita
3357 2322 3711 2408 epigraphe
3767 2327 3909 2388 AP-

2400 2414 2525 2480 ΜΟ
2537 2413 3074 2478 (ΖΛΙΤΤΗΝΩΝ
3101 2462 3121 2493 ,
3174 2428 3242 2479 et
3304 2431 3652 2503 arguerent
3700 2421 3909 2496 adeo,

787 2512 1021 2605 cessit,
1077 2529 1284 2599 quam
1322 2508 1688 2593 praesectis
1722 2505 1836 2568 suo
1873 2507 2146 2568 nomine
2179 2509 2310 2597 :ad-
2396 2507 2574 2569 hanc
2607 2508 2974 2570 Armeniae
3008 2511 3245 2573 urbem
3280 2512 3638 2575 dicendam
3681 2513 3911 2601 Amo-

784 2594 1291 2670 ministrandam
1325 2605 1597 2666 dedere.
1701 2600 1806 2663 Ex
1840 2591 1956 2662 'his
1982 2602 2310 2664 Artaxias
2380 2601 2534 2689 sata
2590 2590 2727 2664 non
2787 2602 3218 2691 Arsamosata.

3341 2610 3598 2671 Verum
3653 2612 3722 2672 in
3786 2611 3905 2673 hoc

789 2701 1152 2767 Armeniae
1189 2698 1454 2778 majori,
1508 2694 1881 2761 Zadriades
1911 2695 2161 2760 minori
2183 2716 2312 2784 pro
2401 2716 2606 2761 numo
2630 2696 2986 2782 legendum
3006 2698 3310 2769 CPMOC.
3335 2679 3909 2781 CAITTHNsiN„

787 2796 1136 2862 Antiocho
1169 2797 1294 2883 ΙΙΙ.
1340 2789 1721 2881 praefecti,
1775 2810 1930 2854 eum
2001 2793 2315 2855 viderent

788 2906 1013 2979 regem
1056 2891 1244 2955 suum
1262 2893 1730 2954 Romanorum
1770 2887 1975 2950 armis
1994 2884 2313 2965 fractum,

792 2986 1177 3052 commissas
1224 2984 1342 3046 fibi
1395 2983 1789 3067 provincias
1833 2982 2023 3064 regio
2085 2978 2317 3066 singuli

792 3082 1068 3148 nomine
1136 3089 1508 3162 coeperunt
1569 3073 2081 3150 administrare,
2153 3076 2316 3158 quin

796 3185 917 3237 aut
952 3176 1052 3248 is,
1110 3181 1228 3233 aut
1270 3169 1669 3234 successores
1728 3186 1917 3253 reges
1960 3186 2318 3253 recupera·

800 3287 875 3330 re
935 3267 1171 3328 amiss'a
1218 3264 1494 3352 possent.
1630 3260 2094 3327 crescentibus
2167 3263 2324 3328 hinc

805 3363 1175 3440 Romanis,
1228 3361 1384 3424 inde
1437 3357 1706 3422 Parthis
1769 3359 2092 3420 Armenia
2149 3359 2327 3421 inter

800 3469 1123 3542 utrosque
1150 3455 1363 3544 posita
1393 3463 1798 3541 perpetuum
1816 3452 1950 3544 ‘fuit
1967 3443 2324 3532 bellorum,

799 3566 920 3618 aut
953 3552 1314 3639 ambiguae
1353 3553 1545 3637 pacis
1589 3561 2079 3636 argumentum,
2129 3553 2325 3631 juxta

799 3649 1178 3734 periculoso
1214 3695 1234 3724 ‚
1298 3647 1406 3708 his
1448 3692 1468 3722 ‚
1556 3645 1813 3709 illisve
1895 3644 2322 3709 adhaereret.

803 3743 937 3805 Sed
968 3742 1140 3804 haec
1175 3744 1266 3803 ad
1301 3739 1658 3824 scriptores
1700 3757 1925 3801 rerum
1972 3740 2324 3803 Armenia-

805 3854 1041 3898 carum
1075 3835 1433 3921 pertinent.

905 3932 1041 3993 Res
1074 3929 1552 3993 numismatic‘a
1580 3928 1923 3993 fortunam
1972 3932 2316 3998 in.Arme-
2421 3961 2430 4024 j

804 4023 925 4090 nia
968 4025 1619 4112 parumpropitiam
1659 4035 1941 4111 experta
1969 4027 2081 4094 est.
2153 4029 2317 4110 Ejus

808 4121 1072 4186 urbium
1104 4122 1289 4186 numi
1331 4119 1569 4183 saltem
1641 4133 1866 4185 certae
1912 4122 2073 4185 fidei
2135 4144 2316 4190 com-

806 4221 983 4303 perti
1026 4217 1351 4280 hactenus
1376 4236 1527 4280 moa
1553 4215 1721 4280 suat.
1752 4257 1765 4264 -
1821 4218 2100 4280 Paucae·
2127 4220 2336 4299 illae,-

808 4332 982 4395 quae
1036 4330 1391 4374 numerum
1428 4308 1693 4374 feraces
1735 4312 2080 4376 nbnnullis‘
2137 4314 2317 4378 visae

804 4406 952 4467 funt
973 4452 993 4482 ,
1044 4406 1422 4490 produntur
1450 4406 1837 4489 sequentes:

2403 2812 2689 2877 eumque
2731 2792 3163 2858 tribuendum
3197 2796 3556 2862 ‘Saettenis
3626 2802 3916 2884 Lydiae,

2401 2889 2638 2952 docuit
2672 2888 3196 2974 Barthelemyus
3211 2939 3234 2970 ,
3310 2911 3513 2986 quem
3551 2897 3738 2960 vide.
3771 2893 3830 2978 ²)

2912 3074 3415 3149 ARXATA.

2507 3264 2683 3332 Huic
2715 3270 2868 3334 urbi
2921 3272 3323 3336 Pellerinius
3387 3275 3672 3361 conjicit
3727 3276 3916 3341 tribui

2407 3362 2592 3446 poss'e
2632 3373 3034 3432 antonomum
3063 3382 3452 3454 argenteum
3475 3421 3490 3436 .
3547 3375 3764 3458 Caput
3777 3359 3918 3439 Pa!-

2408 3455 2595 3525 ludis.
2646 3468 2703 3534 π
2751 3463 2968 3527 Pallas
2994 3462 3247 3550 fidens,
3301 3478 3376 3528 at
3415 3488 3507 3531 ex
3555 3453 3922 3555 epigraphe

2411 3552 2591 3616 solae
2628 3554 2867 3621 literae
2894 3561 3057 3628 ΛΡΞ
3086 3559 3214 3623 n‘te
3255 3560 3743 3630 discernuntur.
3797 3565 3920 3626 Re·

2410 3648 2640 3715 dubia.
2749 3671 2756 3680 ·
3912 3655 3922 3668 ⁵

2815 3843 3515 3916 DARANISSA.

2496 4029 2864 4119 Perperam
2914 4038 3280 4106 Suin‘tonus
3317 4043 3574 4128 Angius
3636 4043 3779 4107 huc
3819 4060 3932 4108 vo-

2402 4129 2589 4189 cavit
2643 4150 2919 4195 numum
2958 4154 3111 4197 cum
3160 4138 3515 4223 praetensa
3555 4138 3932 4225 epigraphe

2403 4223 3216 4309 AARAANOCGHNnN,
3247 4235 3387 4316 -qui
3417 4231 3512 4298 est
3550 4234 3665 4298 Ilii
3717 4237 3936 4299 Troa—

2402 4317 2506 4379 dis
2539 4362 2559 4394 ,
2613 4321 2784 4383 utin
2830 4322 3024 4406 hujus
3059 4329 3282 4397 nemis
3326 4330 3606 4397 dictum.

819 4548 3939 4600 Ἣ

864 4616 921 4681 a)
958 4613 1027 4673 B.
1066 4612 1134 4667 L.
1168 4611 1239 4664 Τ.
1278 4607 1439 4667 XXI.
1482 4610 1656 4668 Mem.
1687 4628 1744 4683 p.
1782 4614 1903 4676 416,
