4125 5500
761 572 853 637 26

814 763 1050 838 Iacet,
1101 758 1321 829 mixtis
1355 752 1612 825 Graecis
1645 758 1705 819 et
1739 746 2041 821 barbaris
2060 752 2266 845 fimat,

853 859 1194 950 Populosas
1210 857 1436 923 habens
1471 853 1616 920 bene
1646 855 1924 919 turritas
1958 852 2167 919 urbes.

755 959 990 1040 Neque
1052 958 1227 1021 adeo
1278 954 1562 1027 mirum,
1614 948 1660 1010 fi
1709 947 1996 1015 Graecis
2047 950 2266 1014 conti-

756 1056 887 1143 git,
939 1056 1124 1135 quod
1203 1052 1288 1113 de
1351 1045 1862 1112 Athenienfibus
1948 1047 2269 1134 perhibet

751 1151 1179 1216 Athenaeus.
1219 1145 1284 1230 ²)
1320 1137 1665 1209 Maxeaovss
1638 1163 1836 1223 οντας
1873 1139 1913 1211 τ’
1943 1140 2078 1210 ὸιδα
2112 1149 2264 1208 πολ-

752 1250 861 1325 λες
897 1264 1021 1309 των
1054 1233 1317 1310 ΑτΊικων
1336 1241 1436 1304 δια
1470 1256 1578 1320 την
1613 1236 1923 1321 ὲπεμιειαν.
2022 1239 2266 1307 Multos

748 1343 1117 1410 Atticorum
1200 1338 1374 1404 video
1450 1345 1716 1422 propter
1782 1341 2266 1421 permixtionem

750 1435 1237 1526 macedoniſjm.
1338 1434 1554 1510 Vide,
1607 1451 1784 1516 quae
1827 1434 1914 1496 de
1947 1431 2263 1514 GraeciS,

753 1553 927 1617 quos
960 1534 1218 1598 vicinia
1253 1532 1577 1597 Oscorum
1615 1532 1959 1615 corrupit,
2026 1532 2106 1594 in
2152 1551 2270 1594 nu-

752 1632 883 1696 mis
927 1628 1295 1695 Cumarum
1331 1627 1754 1712 Campaniae
1794 1627 1958 1689 dixi.
2057 1626 2273 1693 Pelle-

752 1726 909 1791 rinii
947 1728 1402 1810 conjecturam
1455 1724 1761 1786 Khellius
1809 1723 2062 1788 additis
2116 1724 2274 1788 aliis

754 1823 1135 1887 rationibus
1163 1873 1181 1903 ,
1235 1844 1405 1908 quas
1442 1818 1608 1883 alibi
1642 1820 1999 1906 proposui,
2038 1815 2100 1899 Ι’)
2151 1817 2275 1883 sta·

756 1919 983 2003 bilire·
1024 1918 1115 1983 est
1164 1932 1475 1985 conatus.
1610 1921 2100 2003 Argumentum
2139 1935 2269 2002 pro

754 2014 1070 2101 Aspendo
1121 2038 1260 2081 non
1314 2016 1467 2083 leve
1530 2014 1803 2080 videtur
1839 2013 2270 2101 suppeditare

755 2133 1001 2177 numus
1055 2111 1366 2199 sequens·

854 2214 1063 2299 Eques
1099 2214 1292 2277 citato
1322 2210 1499 2297 cursu
1531 2207 1593 2274 d.
1611 2207 1898 2296 jaculum
1941 2210 2180 2277 vibrat.
2218 2214 2277 2286 π

757 2308 1340 2373 ΕΣΤῙΓΕΔΠΤΣ.
1440 2309 1661 2391 Aper,
1712 2307 1781 2373 in
1824 2326 1982 2373 area
2022 2310 2279 2395 sgnum

753 2404 1024 2492 incusum
1071 2402 1286 2468 bovem
1321 2402 1613 2485 referens.
1718 2404 1864 2469 AR.
1902 2403 1991 2476 11
2041 2397 2147 2491 (A
2164 2423 2274 2466 me

759 2501 980 2565 editus
1016 2519 1102 2564 ex
1126 2499 1351 2564 museo
1373 2496 1561 2565 Caes.
1591 2500 1788 2566 Num.
1818 2511 1957 2565 vet.
1983 2519 2050 2586 p.
2084 2505 2273 2582 2¹9·)

852 2598 991 2661 Bos
1032 2595 1398 2660 simillimus
1440 2594 1701 2659 incusas
1740 2598 1808 2660 in
1840 2599 2040 2661 certis
2076 2594 2266 2662 Side·

754 2706 900 2760 tum
934 2693 1388 2781 Pamphyliae
1437 2703 1505 2757 et
1546 2692 1744 2757 Malli
1801 2689 2088 2760 Ciliciae
2147 2713 2264 2759 nu·

1977 498 2611 639 'PISIDIAZJ

2443 750 2576 818 Etfi
2611 748 2960 818 variarum
2995 744 3268 817 urbium
3307 752 3593 823 nomina
3645 774 3695 824 a
3721 757 3902 828 213:

2344 850 2713 936 incipiant,
2784 862 3041 917 certum
3095 863 3324 916 tamen
3387 850 3516 931 est,
3585 874 3897 925 numum

2348 969 2434 1012 ex
2463 947 2570 1012 his
2602 949 2904 1034 priorem
2955 947 3156 1012 causa
3229 950 3607 1033 triquetrae
3670 953 3894 1037 hujus

2347 1046 2475 1107 ess'e
2524 1044 2782 1131 Selges.
2881 1045 3017 1109 Sed
3093 1064 3315 1131 neque
3376 1047 3662 1113 dubium
3735 1049 3889 1132 est,

2345 1161 2623 1205 numum
2664 1143 2952 1205 alterum
3001 1142 3202 1207 causa
3259 1141 3506 1209 adfinis
3558 1146 3713 1231 typi
3752 1167 3893 1213 eo-

2345 1239 2504 1304 dem
2560 1239 2899 1326 pertinere
2923 1285 2946 1318 ,
3013 1238 3410 1325 lapsumque
3463 1240 3596 1305 effe
3651 1242 3884 1308 Pene-

2343 1335 2591 1400 rinium
2614 1382 2634 1414 ‚
2689 1336 2806 1419 qui
2852 1355 3008 1398 eum
3049 1335 3399 1401 Seleuciae
3441 1338 3710 1403 Pieriae
3756 1342 3891 1406 tri.

2349 1431 2613 1499 buerat.
2644 1436 2698 1512 ⁸)
2796 1432 3124 1511 Accedit,
3179 1436 3368 1516 quod
3401 1434 3475 1497 in
3512 1447 3703 1499 certo
3741 1436 3882 1503 hu-

2345 1532 2452 1612 jus
2493 1530 2678 1595 urbis
2705 1528 2942 1592 Severi
2957 1548 3163 1593 numo
3198 1531 3386 1614 apud
3418 1530 3881 1599 Vainantium

2355 1645 2552 1689 arcus
2600 1645 2871 1710 quoque
2908 1637 2979 1690 et
3033 1624 3298 1691 fulmen
3341 1642 3824 1751 compareant.

3101 1722 3135 1755 ς

2363 1836 2370 1845 ·
2452 1821 2597 1885 ΣΕ.
2633 1820 2843 1886 Pilum
2865 1817 3092 1905 hefiae.
3143 1824 3202 1894 x
3251 1774 3527 1908 &ypat-
3578 1823 3717 1889 AE.
3742 1826 3874 1894 111.

2448 1916 2704 1981 ellerln.
2713 1915 2748 1989 )

2352 1911 2704 2100 (PCaput
2685 2010 3003 2092 Padaeus,
3033 2022 3180 2079 ante
3209 2015 3382 2101 qnod
3411 2016 3613 2103 pilum
3646 2018 3874 2112 Itque.

2350 2118 2411 2189 χ
2460 2111 2740 2197 clypeus.
2792 2109 2932 2174 AE.
2963 2109 3084 2178 111.
3137 2106 3532 2205 (Pellerin.)

2454 2209 2660 2292 Caput
2687 2204 3000 2273 Palladis·
3048 2213 3108 2283 ξε
3157 2208 3452 2293 clypeus,
3483 2217 3584 2278 cni
3612 2216 3869 2302 uderip-

2357 2316 2487 2371 Μ
2530 2306 2881 2370 elementum
2915 2306 3017 2377 Π.
3061 2307 3245 2370 intra
3283 2308 3460 2392 cujas
3507 2331 3707 2377 mm
3751 2313 3868 2378 ele-

2355 2411 2622 2468 mentum
2656 2402 2741 2467 0.
2792 2400 2934 2464 AE.
2957 2399 3078 2466 111.
3131 2401 3507 2487 (Pellerin.)

2450 2495 2859 2563 Posteriores
2910 2498 3082 2560 duos
3133 2518 3382 2568 numos
3435 2503 3529 2565 ad
3584 2507 3872 2572 eandem

2354 2595 2593 2660 urbem
2619 2598 2988 2681 pertinere,
3039 2595 3132 2658 ad
3167 2615 3376 2680 quam
3411 2601 3708 2683 pertinet
3737 2603 3876 2689 pri·

2348 2714 2522 2773 mus,
2542 2706 2870 2781 typorum
2898 2688 3363 2760 conformatio
3389 2694 3704 2764 dubitare
3733 2718 3871 2767 non

758 2792 885 2857 mis
925 2803 1300 2878 comparet,
1353 2811 1439 2854 ex
1481 2811 1620 2875 quo
1650 2789 1820 2855 istud
1847 2789 2263 2858 saltem—coh
2343 2795 2622 2880 patitur.
2687 2789 3089 2857 Pellerinius
3120 2810 3242 2856 eos
3259 2791 3645 2859 Seleuciam
3665 2798 3863 2864 Pam·

752 2887 1062 2974 ligimus,
1111 2907 1354 2951 numos
1390 2885 1475 2949 fic
1505 2888 1858 2969 inscriptos
1918 2889 2107 2951 haud
2140 2891 2259 2954 du·
2340 2891 2625 2973 phyliae
2656 2901 2885 2954 vocat.
2985 2887 3242 2953 Verum
3279 2888 3519 2954 literae
3551 2892 3698 2957 ΣΕ.
3739 2894 3870 2959 eti-

720 2999 727 3004 ·
753 2981 868 3048 bie
899 2985 992 3048 ad
1035 2982 1214 3044 hunc
1242 2990 1537 3043 tractum
1567 2980 1926 3063 pertinere.
2024 2980 2269 3065 Typus

752 3081 1103 3160 utriusque
1142 3075 1366 3160 partis
1404 3075 1681 3136 videtur
1722 3075 2056 3151 indicare,
2081 3077 2268 3159 quod

759 3175 846 3237 de
888 3171 1244 3257 Aspendiis
1285 3180 1519 3232 narrat
1569 3166 1948 3231 Eustathius
1973 3215 1995 3247 ‚
2033 3170 2094 3250 ⁰)
2148 3191 2267 3235 eos

756 3269 1097 3336 Venerem
1157 3266 1435 3353 placare
1497 3281 1867 3349 porcorum
1926 3263 2268 3332 sacrificiis

758 3364 1007 3452 Mopso
1038 3375 1356 3440 auctore,
1411 3362 1497 3425 de
1543 3377 1679 3445 quo
1719 3361 1883 3424 vide
1926 3379 2115 3426 meos
2132 3363 2266 3428 Nu-

761 3483 912 3527 mos
949 3474 1083 3527 vet.
1119 3482 1186 3546 p.
1222 3479 1380 3542 223.
1438 3458 1652 3536 Idem,
1702 3456 1816 3521 sed
1856 3458 1942 3525 de
1991 3459 2263 3540 Sidetis‚

758 3559 970 3625 refert
1014 3559 1338 3624 Avienus.
1370 3550 1442 3641 d)

744 3669 757 3676 '
852 3655 1307 3739 Perseqnendi
1349 3668 1526 3715 nunc
1558 3647 1799 3733 reliqui
1846 3649 2081 3738 selges
2150 3672 2268 3718 nu·

758 3754 897 3830 mi,
946 3755 1130 3838 iique
1176 3748 1392 3813 aenei.

861 3849 1066 3935 Caput
1095 3845 1385 3914 Hercules
1433 3848 1822 3933 prominente
1866 3863 2028 3929 pone
2066 3843 2267 3912 clava.

752 3952 817 4024 x
863 3946 1006 4012 ΣΕ.
1056 3944 1358 4023 Fulmen,
1410 3965 1639 4026 arens,
1691 3946 2024 4032 triquetra.
2121 3942 2265 4008 ΛΕ.

756 4043 883 4110 111.
933 4041 1258 4122 (Hunter.
1287 4035 1320 4130 )

850 4139 1061 4226 caput
1086 4138 1422 4207 barbatum
1450 4135 1800 4208 laureatum
1816 4186 1838 4217 ,
1891 4156 2055 4227 pone
2107 4134 2265 4227 quid

755 4239 949 4326 instar
984 4237 1224 4321 lapidis.
1291 4245 1349 4313 31
1396 4240 1537 4304 ΣΕ.
1584 4237 1840 4306 Fulmen
1857 4285 1881 4319 ‚
1943 4245 2006 4303 et
2046 4256 2264 4305 arcus·

752 4336 899 4403 ΛΕ.
938 4333 1056 4399 111.
1104 4335 1156 4414 “(
1187 4331 1556 4425 Pellerin.)

2350 3002 2467 3045 am
2503 2983 2744 3067 Selgen
2798 2980 3094 3045 nostram
3132 2996 3375 3047 notare
3424 2987 3690 3071 polrunt
3720 3017 3756 3066 ‚·
3793 3001 3871 3056 ut

2351 3096 2439 3140 ex
2485 3095 2691 3140 numo
2721 3077 3182 3163 praecedente
3217 3080 3634 3152 didicimus.-'
3656 3084 3868 3168 Quid·

2349 3173 2516 3256 quid
2569 3174 2696 3237 erit
2734 3221 2755 3252 ‚
2829 3172 3067 3236 malim
3118 3194 3594 3263 quamcunque
3662 3180 3870 3248 aliam

2350 3267 2588 3348 urbem
2622 3289 2670 3334 a
2710 3271 2856 3335 ΣΕ.
2893 3265 3332 3355 incipientem
3361 3294 3529 3360 prae
3563 3276 3871 3344 Seleucia

2351 3364 2694 3428 Pellerinii
2722 3413 2742 3445 ‚
2797 3385 2934 3451 quo
2987 3369 3265 3432 nomine
3309 3391 3396 3437 ne
3454 3374 3735 3457 quidem
3782 3373 3872 3439 sa·

2352 3461 2441 3525 tis
2483 3472 2741 3524 certum
2782 3459 2872 3525 est
2911 3461 3151 3525 urbem
3197 3465 3266 3528 in
3303 3468 3720 3553 Pamphylia
3760 3491 3878 3538 ex·

2355 3554 2595 3621 stitiss'e.
2694 3558 2849 3622 Non
2880 3563 3415 3642 praetereundus
3459 3584 3709 3631 numus
3742 3581 3871 3634 ter.

2354 3655 2490 3717 tius
2526 3655 2808 3740 propter
2828 3653 3178 3739 inscriptas
3197 3658 3445 3744 clypeo
3467 3660 3704 3728 literas
3727 3667 3871 3729 ΠΟ.

2335 3750 2609 3814 Iisdem
2629 3751 2734 3815 his
2759 3751 2979 3816 {iteris
3017 3769 3608 3841 monogrammate
3647 3758 3874 3846 ligatis

2350 3848 2577 3911 notari
2611 3851 2747 3912 Παν
2771 3852 2998 3935 Ορμον,
3039 3848 3337 3915 diximus
3352 3854 3425 3931 in
3443 3856 3666 3920 numis
3696 3857 3877 3930 Pan<

2331 3945 2530 4008 -ormi
2583 3943 2861 4009 Siciliae
2929 3945 3139 4013 urbis.
3234 3947 3396 4013 Non
3430 3962 3686 4014 temere
3713 3970 3878 4016 con-

2342 4045 2576 4125 jecero
2594 4089 2616 4121 ,
2654 4042 2984 4127 quoniam
3016 4044 3300 4108 eaedem
3321 4044 3561 4111 literae
3588 4047 3873 4132 insculp-

2349 4152 2463 4204 tae
2505 4139 2652 4202 sunt
2688 4139 2977 4222 clypeo,
3030 4151 3098 4203 et
3137 4141 3212 4203 in
3249 4141 3481 4207 antica
3528 4139 3618 4206 est
3667 4153 3874 4228 caput

2347 4234 2651 4300 Palladis
2674 4280 2695 4311 ,
2748 4254 2866 4298 eas
2913 4234 2986 4299 in
3026 4255 3236 4300 numo
3275 4238 3630 4322 praesente
3649 4255 3872 4313 tenun-

2347 4333 2534 4395 ciare
2592 4329 2910 4411 Παλαδος
2945 4335 3198 4415 Oukou,
3249 4332 3532 4402 Palladis
3575 4332 3876 4420 clypeum·

767 4491 3886 4554 ———-—-—Q-—-—--—-—-—-—-———-—-————-—-—---—-—‘-

839 4590 1512 4668 a)1..111.p.m.¹²²·

768 4656 1184 4746 oxb.v.1015.
1290 4687 1294 4690 Δ
1385 4659 1439 4732 e)
1475 4655 1814 4731 Remu-p·
1850 4658 1970 4717 206.

1734 4585 1796 4654 b)
1833 4585 2009 4642 Num.
2042 4596 2153 4645 vet.
2186 4602 2409 4661 1³·219·

2615 4584 2668 4660 οὶ
2702 4581 2781 4643 ιδ
2814 4581 3049 4658 Dionys.
3082 4602 3138 4640 v.
3171 4593 3295 4656 85²·
3499 4583 3561 4654 d)
3598 4580 3868 4655 Detexipt.
