4125 5500
262 679 277 688 ‚
616 699 633 710 .
884 697 905 736 χ
1389 584 2040 662 PHRYGIA.
2794 698 2798 702 .
3119 619 3257 684 ιη

218 710 281 768 οἳ

877 789 908 823 ¹⁸
1724 790 1858 854 hoc
1912 784 2218 873 epochae
2254 785 2612 852 exordium
2649 786 2834 854 nullo
2869 802 3053 858 certo
3095 791 3241 859 fun-

234 883 666 951 Neocorntus:
733 884 1237 952 ΝΕΩΚΟΡΩΝ.
1295 886 1368 951 ἰιι
1422 886 1644 952 numis
1727 888 2066 950 damento
2112 883 2386 965 nititur,
2454 904 2724 948 verum
2765 886 3021 965 etiam,
3089 909 3242 957 cum

138 975 539 1045 caracallae
572 993 854 1048 tantum.
907 982 1180 1067 (Vaill.)
1729 1001 1900 1046 unus
1940 977 2392 1057 Vaillantius‚
2445 992 2651 1065 atque
2693 1002 2779 1047 ex
2830 1001 2913 1045 eo
2955 981 3243 1049 Har-dui·

225 1076 963 1144 ΝΕΩΚΟΡΩΝ.ΤΩΝ.
987 1078 1473 1160 ΕΕΒΑΕΤΩΝ.
1500 1080 1647 1145 Duo
1730 1099 1853 1142 nus
1896 1077 2091 1159 hujus
2122 1077 2309 1139 numi
2346 1078 2808 1155 meminerint,
2863 1079 2949 1142 de
2982 1081 3246 1165 epigra

133 1172 355 1255 templa
381 1220 400 1249 ,
445 1170 875 1239 Garat-allae:
922 1175 1183 1253 (Vaill.)
1235 1175 1463 1239 Alium
1481 1174 1647 1238 fimi·
1727 1174 1898 1286 phes
1932 1172 2226 1236 lectione
2258 1171 2568 1236 dubitare
2601 1173 2824 1237 liceat.
2875 1171 2982 1236 Est
3006 1195 3245 1241 numus

134 1268 284 1332 liter
319 1268 711 1355 inscriptum
746 1292 913 1399 ιιιοιὲ
949 1272 1285 1336 dabimuS.
1729 1273 1800 1334 in
1844 1268 2071 1332 museo
2123 1267 2499 1347 Foueault,
2551 1288 2725 1333 nunc
2763 1270 2940 1356 regis
2975 1271 3247 1358 Neapo-

224 1461 392 1528 Ludi
421 1488 446 1528 .-
683 1419 727 1461 ῃ.
1059 1421 1102 1461 ⁸*
1730 1366 2104 1526 litTiiteme
2151 1462 2362 1528 ΛΛΣ.
2416 1460 2700 1547 scriptae
2749 1461 2821 1525 in
2855 1460 3093 1527 aversa
3131 1483 3249 1528 an-

140 1583 163 1616 :
221 1562 531 1627 ΠΤΘῙΑ.
586 1556 1009 1625 Caracallae.
1064 1554 1333 1641 (Vaill.)
1735 1558 1996 1622 tonomi
2032 1558 2231 1642 supra
2276 1558 2464 1620 citati
2497 1558 2718 1621 videri
2751 1558 2957 1621 etiam
2995 1561 3250 1645 possint

224 1657 665 1719 ΟΛΤΜΠΙΑ.
708 1656 823 1718 vel
864 1656 1300 1720 ΟΛΤΜΠΙΑ.
1344 1655 1645 1720 ΠΤΘΙΑ.
1702 1665 1974 1717 “notare
2016 1674 2268 1716 annum
2310 1653 2659 1738 epochae3
2710 1673 2947 1716 verum
2985 1675 3136 1719 cum
3174 1659 3248 1723 in

125 1750 196 1811 in
242 1751 660 1816 autonomi&
713 1750 1027 1833 (Haym.)
1730 1750 1998 1832 Lydiae
2023 1761 2091 1812 et
2118 1748 2367 1812 Cariae
2403 1748 2682 1813 urbibus
2703 1762 2892 1813 certa
2919 1750 3248 1818 hactenus

225 1847 668 1912 ΟΛΤΜΠΙΑ.
703 1847 1289 1912 ΑΤΓΟΤΕΤΕῙΑ.
1337 1846 1647 1910 ΠΤΘΙΑ.
1730 1844 1998 1930 epocha
2037 1844 2403 1910 observata
2437 1864 2574 1908 non
2609 1844 2718 1924 fit,
2772 1845 2864 1909 ad
2896 1846 3071 1912 haec
3112 1870 3249 1913 me·

121 1941 486 2028 inscriptum
550 1941 755 2004 tribus
826 1947 1070 2006 coronis
1104 1990 1124 2020 ,
1219 1940 1642 2005 Caracallae.
1726 1952 2036 2004 moratae
2058 1942 2295 2005 literae
2323 1941 2534 2006 alium
2553 1940 2805 2005 sensum
2840 1939 3070 2006 facere
3103 1948 3247 2030 pos-

127 2035 337 2120 (ΜιιΓ,
381 2031 605 2115 Caes.)
659 2035 959 2097 Similem
995 2039 1181 2100 dedit
1219 2038 1642 2115 Pellerinius‚
1726 2037 1886 2114 lint,
1921 2035 2345 2099 verisimilius
2369 2033 2457 2099 est
2480 2038 2669 2101 aliud
2691 2037 2980 2100 indicari
3003 2087 3020 2118 ,
3063 2043 3252 2124 quod

123 2131 234 2193 sed
274 2132 404 2193 ess'e
439 2128 799 2214 Elagabali
836 2132 1048 2205 dixit3
1100 2152 1341 2195 verum
1377 2134 1532 2194 cuni
1573 2135 1640 2195 in
1722 2132 2048 2196 hactenus
2086 2133 2501 2218 ignoramus.
2604 2133 2675 2196 Si
2726 2144 2953 2197 autem
3006 2155 3255 2201 revera.

123 2225 230 2290 his
281 2227 505 2289 numis
559 2227 852 2290 addatur
885 2229 1389 2295 ΝΕΩΚΟΡΩΝ.
1424 2229 1639 2293 ΤΩΝ.
1726 2228 2062 2313 epocham
2105 2238 2467 2307 notarent,
2521 2228 2612 2292 ab
2672 2229 2812 2293 alio
2868 2230 3247 2317 principio,

122 2320 611 2388 OEBACTnN.
631 2369 651 2400 ,
702 2338 1111 2388 neocoratus
1143 2344 1310 2387 vero
1345 2325 1413 2384 in
1444 2326 1639 2392 unius
1725 2344 1928 2407 quam
1953 2326 2139 2406 quod
2161 2344 2247 2387 ex
2279 2343 2487 2389 numo
2517 2324 2970 2410 praecedente
3006 2324 3249 2393 stabili-

120 2415 531 2481 Caracallae
588 2420 807 2481 numia
864 2419 1197 2483 hactenus
1248 2417 1641 2483 observatus
1724 2420 1824 2482 vit
1848 2419 2279 2492 Vaillantius,
2305 2423 2444 2497 ejus
2479 2422 2752 2482 initium
2771 2418 2955 2482 foret
3003 2423 3252 2489 ducen-

118 2511 199 2575 fit
225 2560 245 2589 ,
301 2512 617 2591 conjicio,
661 2516 865 2577 etiam
899 2515 1075 2578 hunc
1113 2511 1639 2576 Pellerinianum
1724 2514 1924 2587 dum,
1975 2533 2139 2576 nam
2185 2531 2400 2574 annus
2445 2511 2605 2595 231⁸.
2644 2515 2917 2578 additus
2953 2518 3045 2579 ad
3086 2532 3248 2601 898.

120 2606 536 2672 Caracallae
571 2607 1062 2675 restituendum.
1723 2608 2000 2670 caderet
2035 2606 2108 2668 in
2156 2625 2402 2668 aevum
2446 2607 2906 2685 Constantini,
2958 2610 3074 2673 sub
3113 2634 3249 2696 quo

648 2758 688 2798 ἡ
833 2698 875 2738 ⁴*
1025 2759 1068 2799 ἱ
1282 2749 1289 2759 ,
1725 2721 1965 2764 numus
2003 2701 2117 2764 hic
2152 2711 2336 2764 certo
2377 2699 2616 2786 signari
2651 2716 2791 2766 non
2835 2704 3058 2788 potuit
3095 2726 3250 2772 cum

215 2797 511 2886 Epochae
546 2820 795 2864 annum
831 2803 901 2866 in
945 2821 1150 2866 numo
1209 2802 1411 2866 unico
1475 2798 1645 2864 Gor·
1724 2809 2012 2883 propter
2053 2797 2231 2860 alias
2271 2796 2502 2861 causas
2546 2797 2829 2873 obvias,
2880 2810 3024 2861 tum
3061 2806 3256 2883 quod

115 2898 315 2961 diani
389 2896 567 2959 vidit
618 2894 1025 2960 Vaillantius
1059 2942 1081 2974 ,
1147 2917 1393 2982 nempe
1430 2921 1445 2959 :
1524 2901 1648 2962 Z‘l.
1733 2914 1821 2956 ex
1857 2890 2131 2958 fabrica
2167 2910 2415 2955 aevum
2455 2893 2611 2957 satis
2651 2905 2987 2957 remotum
3034 2896 3254 2985 sapit,

111 2995 278 3072 Ejus
314 2993 581 3055 initium
616 2991 762 3075 figit
800 2994 890 3055 ad
927 3013 1178 3057 annum
1212 2997 1293 3058 V.
1332 2993 1405 3058 C.
1446 3005 1646 3076 898.,
1733 3001 1806 3052 ut
1842 2990 1981 3069 jam
2034 2987 2422 3053 observavit
2463 2988 2880 3053 Pellerinius.

26 3142 29 3145 .
118 3084 307 3172 quo','
361 3100 437 3150 ut
480 3106 565 3150 ex
619 3085 1013 3171 Capitolino
1063 3086 1310 3166 refert,
1364 3092 1645 3154 Antoni·
1748 3137 1757 3145 .
2665 3082 2680 3087 ’

114 3205 241 3247 nus
284 3183 529 3248 urbem
577 3194 800 3245 terrae
850 3195 1037 3247 motu
1068 3183 1438 3268 collapsam
1467 3183 1644 3248 resti·
1708 3210 1717 3225 ¹
2268 3235 2309 3276 4.
2460 3177 2500 3221 '⁸
2645 3224 2685 3266 ,.

112 3282 261 3345 tuit.
366 3278 623 3342 Narrat
686 3280 749 3341 is
824 3281 1141 3362 quidem,
1224 3283 1645 3345 Antoninum
1826 3278 2173 3344 Concordicz
2252 3298 2406 3342 cum
2474 3277 2859 3365 Pergamo,
2933 3281 3251 3389 Epheso

110 3376 346 3462 plures
388 3375 619 3439 Rhodi
655 3386 722 3437 et
756 3374 954 3439 Asiae
988 3376 1189 3440 urbes
1226 3396 1308 3440 eo
1330 3377 1515 3442 malo
1539 3375 1642 3442 fa·
1729 3373 2104 3441 Laodicea.
2157 3372 2508 3438 Creditam
2533 3396 2684 3439 cum
2705 3374 3078 3443 Corinthiis
3096 3399 3224 3445 con

114 3473 430 3536 tiscentes
470 3470 843 3539 „sublevasse
867 3520 911 3550 ,.
938 3472 1050 3535 sed
1072 3472 1341 3537 Tralles
1366 3493 1501 3537 non
1519 3494 1643 3539 no·
1728 3473 2033 3535 cordiam
2077 3472 2149 3533 in
2190 3472 2577 3537 autonomis
2620 3471 2942 3537 refutavi.

110 3570 354 3637 minat.
476 3567 705 3651 Quare
754 3587 894 3632 non
952 3572 1161 3637 modo
1220 3569 1644 3657 praetensum
1823 3565 1974 3635 ΑΕ,
2023 3565 2109 3635 R.

1301 4024 2116 4133 FHRYGIA

104 4402 535 4530 Phrygiae,
566 4456 633 4507 et
667 4438 926 4527 absque
946 4438 1129 4511 urbis
1148 4444 1460 4527 nomine,
1500 4462 1636 4513 me·
1723 4436 2035 4534 (Motelli
2071 4436 2323 4529 Impp.)
2421 4439 2516 4505 At
2561 4454 2699 4501 non
2744 4433 3024 4514 dubito,
3079 4440 3271 4500 eume

106 4544 316 4606 minit
358 4560 603 4604 numus
645 4541 978 4622 Neronis,
1032 4545 1102 4607 in
1147 4546 1330 4626 cujus
1367 4546 1640 4609 aversa·
1728 4542 2059 4629 signatum
2096 4546 2500 4626 Apameae,
2555 4536 2625 4597 in
2670 4535 2856 4615 cujus
2899 4533 3125 4599 numis
3184 4552 3274 4602 ea

109 4635 495 4705 KOINON.
517 4638 916 4708 ΦΡΥΓΙΛΕ.
940 4639 1179 4730 Aquila
1198 4641 1479 4731 expansis
1495 4640 1641 4713 alis.
1728 4640 1885 4707 dem
1920 4638 2255 4726 reperitur
2294 4631 2667 4726 epigraphe
2717 4640 2786 4696 et
2830 4639 3063 4718 typus.
