4125 5500
1185 566 2223 647 MESOPOTAMIA.

163 773 330 843 «aas.
375 779 433 847 Y,
462 770 712 836 ΤΠΕΡ.
737 768 1036 836 ΝΙΚΗΕ.
1060 770 1278 835 ΤΩΝ.
1299 772 1656 836 K‘erN.

167 873 277 938 CC.
339 868 569 936 Muner
600 870 776 958 flans
821 865 888 932 d.
923 865 1220 952 globum,
1252 868 1312 955 .·s.
1363 888 1660 934 comco-

153 975 305 1055 piat.
353 966 489 1031 ΛΕ.
532 965 651 1027 m.
707 961 912 1046 (Mus.
948 961 1175 1045 Caes.)

247 1069 570 1130 Auctores
605 1079 876 1140 omneS,
931 1062 1045 1144 qui
1082 1060 1206 1123 hos
1241 1078 1659 1144 numospro-

147 1163 534 1247 -mulgavere
556 1205 575 1233 ,
614 1174 846 1220 eorum
879 1156 1110 1220 nata'le
1142 1156 1352 1220 solum
1382 1153 1659 1219 definire

151 1279 283 1323 non
319 1252 646 1319 suntaufi.
744 1253 1143 1317 Pellerinius
1167 1298 1188 1329 ,
1220 1273 1355 1337 quo
1377 1253 1536 1316 loco
1563 1252 1660 1313 in-

153 1357 381 1442 signem
430 1352 617 1413 suum
669 1349 1095 1413 Rhodiorum
1142 1366 1416 1411 mnnum
1448 1347 1661 1433 expli·

149 1465 262 1514 cat
297 1449 728 1531 inscriptum:
793 1446 1109 1511 PoAlos.
1154 1445 1401 1511 ΥΠΕΡ.
1441 1445 1656 1538 ΤΩΝ.

153 1545 706 1619 ΣΕΒΑΣΤΩΝ.,
742 1541 805 1623 ⁸)
875 1541 1157 1617 adserit,
1209 1543 1279 1605 in
1334 1542 1464 1605 hac
1508 1560 1659 1605 ora*-

149 1645 323 1707 tione
365 1639 898 1709 subaudiendam
925 1656 1173 1700 vocem
1206 1638 1493 1702 ΝΙΚΗΣ
1519 1682 1536 1712 ,
1579 1655 1659 1698 ac

148 1749 500 1824 praeterea
566 1753 800 1796 omnes
871 1744 1227 1816 argenteos
1290 1732 1660 1795 drachmae

145 1832 440 1923 pondere
485 1829 674 1892 simili
709 1830 918 1891 modo
951 1827 1302 1913 inscriptos
1356 1834 1518 1911 (quo
1543 1846 1657 1888 no·

145 1932 315 1994 mine
345 1925 660 2009 intelligit
692 1925 820 1987 hos
855 1922 1079 2008 ipsoS,
1135 1943 1306 2007 quos
1355 1924 1466 1985 hic
1504 1941 1657 2007 pro·

143 2025 356 2114 posui)
390 2022 644 2086 Rhodo
671 2020 1087 2083 tribuendos.
1189 2020 1385 2082 Hanc
1409 2018 1656 2081 senten-

147 2126 309 2186 tiam
343 2119 503 2183 satis
550 2130 715 2201 puto
752 2137 797 2179 a
837 2134 945 2178 me
980 2112 1346 2178 refutatam
1396 2117 1465 2176 in
1517 2132 1658 2175 mo·

142 2231 300 2282 neta
326 2214 597 2291 Rhodi,
639 2232 842 2296 quam
866 2257 888 2289 ,
925 2210 967 2274 [ἰ
1005 2209 1228 2287 lubet,
1263 2212 1400 2275 adi.
1504 2209 1661 2271 Alia

142 2335 299 2399 ergo
348 2312 509 2374 huic
561 2327 920 2373 numorum
976 2307 1202 2391 generi
1248 2305 1662 2392 adsignanda

189 2423 389 2473 atria.

139 2432 183 2496 p
237 2505 310 2569 Si
349 2502 519 2588 quid
557 2500 747 2564 valet
776 2501 844 2562 in
874 2518 947 2560 re
984 2498 1464 2561 numismatica
1498 2512 1658 2556 ana-

134 2602 323 2689 logia
349 2646 369 2675 ,
425 2610 493 2660 et
513 2616 870 2660 numorum
906 2594 1288 2673 contentio,
1343 2593 1464 2653 vix
1500 2590 1657 2651 lice-

133 2698 234 2762 bit
276 2697 366 2759 de
407 2704 770 2779 argenteae
823 2690 1017 2770 hujus
1073 2699 1390 2752 monetae
1433 2685 1661 2771 patria

129 2790 648 2877 Mesopotamia
686 2786 1020 2851 dubitare.
1120 2786 1290 2868 Ejus
1323 2785 1419 2845 rei
1468 2801 1657 2866 argu·

125 2901 448 2954 mentum
500 2884 935 2948 certissimum
995 2880 1426 2966 suppeditant
1475 2878 1664 2939 numi

123 2983 383 3049 Manui
415 2979 696 3042 Edeffae
735 2978 950 3063 regi8‚
1003 2990 1121 3039 aut
1159 2987 1338 3039 certe
1365 2975 1656 3060 regionis

123 3077 522 3162 cujuspiam
556 3121 577 3150 ,
650 3093 824 3158 quae
883 3072 1162 3134 Edess'ae
1227 3071 1453 3134 vicina
1508 3068 1658 3135 fuit.

124 3177 307 3239 Cum
352 3171 466 3234 his
497 3167 696 3234 nostri
728 3169 798 3231 hi
826 3169 1012 3231 numi
1046 3167 1129 3230 sic
1164 3165 1477 3228 omnibus
1504 3181 1658 3251 par-

117 3272 311 3336 tibus
358 3266 744 3350 conspirant
774 3311 793 3341 ,
846 3276 918 3326 ut
964 3262 1215 3326 necess'e
1259 3259 1370 3337 fit,
1446 3273 1659 3324 utros-

121 3389 258 3451 que
319 3368 396 3427 ‘m
446 3362 730 3439 eadem,
787 3372 907 3422 aut
944 3358 1178 3421 saltem
1217 3358 1516 3439 ejusdem
1559 3377 1657 3419 re-

124 3465 362 3548 gionis
405 3458 686 3521 officina
717 3456 1005 3541 signatos
1032 3451 1333 3517 statuere.
1432 3453 1658 3514 Enim-

117 3580 295 3622 vero
358 3575 500 3618 non
553 3552 820 3618 fabrica
870 3551 1080 3614 modo
1143 3561 1210 3612 et
1267 3548 1668 3626 metallum,

121 3652 477 3738 (argentei
536 3649 799 3731 utrique
854 3647 1022 3723 sunt)
1096 3657 1162 3708 et
1217 3646 1534 3731 pondus„
1593 3657 1662 3706 et

114 3750 466 3814 volumen
486 3792 504 3823 ,
540 3756 679 3805 tum
715 3754 782 3804 et
801 3741 1148 3805 literarum
1167 3737 1396 3804 forma
1417 3739 1658 3802 eadem

115 3849 187 3910 in
225 3842 558 3909 omnibus
593 3838 781 3914 sunt,
831 3836 1297 3900 verumttiam
1335 3847 1528 3899 aetas
1549 3855 1660 3897 ea·

115 3945 280 4005 dem
318 3965 339 4014 ;
421 3956 581 3999 nam
641 3953 796 4017 quo·
831 3944 1137 4016 tempore
1192 3934 1430 3995 Manni
1475 3934 1662 3994 numi

111 4036 365 4123 [ignati
422 4033 569 4095 sunt
601 4078 620 4106 ,
696 4029 939 4092 eodem
991 4039 1057 4089 et
1105 4026 1174 4089 hi
1237 4027 1434 4091 nostri
1468 4053 1490 4101 ;,
1562 4027 1660 4089 illi

111 4137 308 4197 enim
351 4129 640 4215 perinde
679 4144 762 4188 ac
800 4124 872 4186 hi
915 4124 1148 4206 capita
1194 4123 1492 4201 Aurelii,
1525 4123 1660 4184 Ve-

107 4232 168 4291 ri
205 4276 227 4307 ,
303 4239 382 4289 et
430 4242 718 4287 uxorum
770 4218 1115 4286 exhibent.
1215 4219 1326 4280 Ad
1371 4218 1544 4280 haec
1590 4219 1660 4280 in

103 4327 485 4406 utrisque,
538 4330 612 4381 ut
658 4315 1032 4381 conferenti
1071 4314 1346 4400 planum
1384 4311 1523 4388 fiet,
1554 4324 1660 4396 ty-

3122 606 3260 671 ‘52¹

1731 772 1814 855 pi
1853 790 1938 833 ex
1972 769 2291 833 Romana
2330 773 2470 852 ejus
2508 773 2763 835 aetatis
2819 789 3094 840 moneta
3150 780 3263 842 de-

1732 867 2042 951 prompti
2092 866 2251 931 fiant.
2352 869 2595 930 Vtrum
2636 867 2865 932 hercle
2888 874 3267 937 verisimilis

1737 974 1935 1026 tanta
1959 962 2365 1041 concordia,
2418 961 2463 1025 fi
2500 963 2571 1025 in
2596 963 2839 1029 dissitis
2866 969 3264 1052 regionibus

1733 1057 2030 1143 signatos
2073 1061 2223 1143 quis
2262 1060 2451 1123 volet
2484 1055 2801 1138 statuere,
2843 1062 3109 1146 hosque
3144 1085 3263 1129 no·-

1733 1151 1905 1218 stros
1959 1155 2267 1240 exempli
2312 1155 2523 1219 causa
2576 1156 2897 1222 malleum
2947 1173 3269 1244 expertos

1731 1250 1810 1313 cin
1834 1250 2135 1327 Rhodo,
2185 1253 2347 1315 dum
2386 1252 2586 1316 alteri
2629 1253 2869 1317 Manui
2922 1256 2997 1318 in
3056 1259 3289 1345 medi„

1731 1358 2050 1413 terranea
2074 1388 2106 1427 ι,
2158 1360 2251 1411 .et
2299 1361 2491 1412 tanto
2551 1349 2917 1414 intervallo
2969 1347 3261 1416 distante

1738 1438 2242 1529 Mesopotamia
2287 1445 2506 1509 lucem
2550 1446 2833 1509 videre?
2886 1440 3119 1530 Quare
3152 1447 3269 1512 nifi

1727 1559 1848 1603 me
1898 1539 2145 1605 fallunt
2195 1544 2465 1617 omnia,
2519 1560 2755 1605 omnes
2798 1542 2871 1607 hi
2918 1545 3106 1607 numi
3154 1559 3272 1608 aut

1737 1635 1806 1696 in
1841 1656 1976 1698 una
2011 1639 2390 1722 eademque
2422 1638 2701 1716 Edess'a,
2756 1652 2874 1702 aut
2921 1641 2989 1703 in
3038 1641 3272 1705 vicina

1738 1733 2065 1817 quapiam
2109 1732 2309 1810 urbe,
2363 1753 2485 1796 ceu
2535 1732 2855 1809 Cart-hie,
2924 1735 3066 1799 sunt
3114 1758 3266 1822 per-

1739 1826 1928 1891 cussi.
2030 1828 2255 1890 Etiam
2293 1831 2452 1891 aevi
2480 1828 2674 1909 hujus
2709 1827 2989 1893 historia
3016 1831 3266 1896 senten·

1733 1923 1903 1985 tiam
1968 1943 2194 1985 meam
2274 1924 2624 2007 praeclare
2686 1928 2905 2006 juvat.
3042 1927 3267 1990 Docet

1734 2017 1950 2096 haec,
2003 2019 2579 2102 Mesopotamiam
2628 2018 2743 2082 sub
2796 2023 3124 2086 Antonini
3163 2025 3269 2087 Pii

1735 2125 2026 2176 mortem
2059 2134 2105 2177 a
2138 2113 2413 2177 Parthis
2435 2118 2788 2201 repentino
2821 2117 3081 2181 incursu
3107 2118 3267 2182 sub·
3306 2120 3315 2129 “
3392 2184 3399 2189 ,

1729 2211 2079 2294 jugatam,
2131 2230 2292 2273 mox
2337 2231 2381 2272 a
2428 2212 2799 2289 Romanis,
2850 2213 2993 2297 ipso
3029 2214 3113 2277 L.
3138 2218 3267 2278 Ve-

1735 2324 1813 2366 ro
1870 2307 2293 2390 expeditioni
2347 2306 2738 2391 praefecto,
2792 2310 2999 2372 armis
3050 2311 3267 2373 vindi-

1735 2411 2001 2476 catam,
2056 2421 2138 2462 ac
2170 2414 2313 2464 tum
2350 2402 2526 2464 alios
2558 2423 2749 2489 reges
2798 2408 3085 2488 ejectoS,
3143 2406 3265 2469 ali·

1738 2513 1816 2556 os
1865 2494 2303 2572 constitutos,
2357 2496 2794 2561 confirmatos
2834 2500 3045 2578 alioS,
3102 2502 3271 2565 civi·

1736 2600 1951 2651 tatum
2000 2591 2208 2653 etiam
2264 2589 2525 2654 formas
2588 2593 3028 2671 immutatas,
3099 2617 3271 2679 quas

1734 2684 1912 2746 inter
1948 2683 2252 2749 Carrhae
2292 2687 2587 2749 deducta
2628 2686 2930 2754 colonia.
3031 2690 3265 2774 Quare

1734 2801 2065 2866 praeceps
2110 2783 2186 2870 ⁸in
2240 2782 2705 2846 adulationem
2763 2785 3270 2870 Mesopotamia

1736 2879 1960 2940 omnis
1986 2924 2006 2954 ,
2059 2890 2129 2940 et
2162 2879 2291 2941 hac
2330 2877 2645 2941 suadente
2693 2881 2985 2944 Mannus
3021 2903 3139 2944 rex
3173 2882 3266 2945 se·

1734 2972 1889 3033 sein
1916 2975 2133 3036 numis
2158 2975 2785 3041 ΦΙΛΟΡΩΜΑΙΟΝ
2810 3023 2828 3052 ,
2863 2989 2929 3040 et
2973 2975 3264 3041 Carrhe-

1733 3067 1800 3129 ni
1852 3089 2124 3152 quoque
2153 3070 2223 3131 in
2262 3063 2391 3132 sais‘
2412 3068 2545 3132 sese
2576 3072 3256 3140 ΦΙΛΟΡΩΜΑΙΟΤΕ

1732 3164 2214 3248 appellavere,
2252 3166 2470 3229 indito
2500 3169 2708 3254 etiam
2745 3168 3056 3232 coloniae
3092 3168 3253 3234 suae

1731 3260 2034 3325 Aureliae
2082 3261 2353 3324 nomine
2406 3283 2451 3324 a
2496 3263 2879 3327 victoribus
2941 3262 3248 3349 Augustis

1734 3368 2020 3440 utroque
2063 3357 2385 3419 Aurelio..
2424 3356 2653 3439 Quare
2694 3359 2912 3423 altero
2948 3359 3263 3444 obsequii

1733 3471 1975 3538 genere
2010 3450 2101 3513 ab
2139 3452 2381 3515 iisdem
2403 3454 2672 3537 regibus
2698 3453 3109 3541 populisque
3133 3476 3261 3518 vo-

1727 3561 1807 3611 ta
1859 3566 2127 3631 quoque
2195 3547 2392 3612 causa
2446 3549 2735 3611 recentis
2792 3551 3262 3614 Romanorum

1733 3644 2068 3707 victoriae
2102 3642 2352 3720 soluta,
2401 3657 2466 3707 et
2487 3645 2715 3730 {ignati
2745 3659 3110 3733 propterea
3142 3668 3259 3711 nu-

1734 3741 1827 3802 mi
1874 3740 2217 3823 argentei,
2283 3759 2452 3822 quos
2502 3743 2755 3819 citavi,
2808 3755 2876 3805 et
2918 3743 3258 3828 inscripti:

1734 3834 1983 3917 ΥΠΕΡ.
2023 3836 2321 3901 NlKHC.
2358 3849 2481 3899 etc:
2556 3839 2663 3900 Ad
2698 3838 2880 3901 idem
2913 3859 3265 3925 argumen-

1735 3944 1878 3994 tum
1939 3931 2229 4016 pertinet
2290 3951 2528 3994 numus
2591 3952 2838 3995 aeneus
2894 3933 3315 3997 Commodi·

1735 4048 1887 4089 cum
1944 4025 2370 4110 epigraphe:
2439 4027 2686 4090 ΤΠΕΡ.
2740 4029 3041 4093 NIKHC.
3097 4029 3267 4093 Ρω-

1735 4123 2107 4196 Mamm„
2162 4141 2361 4204 quem
2418 4122 2611 4205 supra
2671 4122 2738 4183 in
2795 4121 3071 4186 Carrhis
3110 4143 3265 4207 pro·

1732 4217 1946 4303 posui.
2044 4215 2379 4278 Nimirum
2411 4218 2564 4280 inde
2591 4215 2681 4278 ab
2709 4230 3111 4301 recuperata
3140 4218 3285 4283 sub-

1733 4311 2026 4375 Aureliis
2061 4310 2559 4395 Mesopotamia
2596 4315 2663 4374 in
2690 4310 2821 4374 hac
2852 4315 3131 4399 regione
3167 4313 3265 4378 fe-

99 4451 3280 4486 W

182 4540 253 4601 a)
291 4534 521 4584 Lettres
556 4546 616 4598 p.
656 4543 744 4595 23⁶

216 4606 437 4695 (Vol.
472 4601 649 4689 111.)

2636 4597 2889 4661 vnn
