4125 5500
737 555 882 659 εἰ,

749 771 953 844 slavo,-
999 762 1312 841 ducitur,
1389 765 1565 827 unde
1598 752 1608 767 ²
1636 778 1704 829 et
1745 766 1996 830 Nonne
2040 766 2267 831 Panos

731 862 944 954 fistula
979 862 1224 925 dicitur
1333 859 1646 939 Πανιοιόος
1699 882 1980 943 συριγγος
2032 859 2139 943 ⁸),
2194 872 2267 923 at

699 982 720 1009 ·-
750 958 994 1040 reliqui
1063 954 1418 1040 scriptores
1468 955 1775 1040 plerique
1808 961 2072 1035 Πανεας.

853 1054 1063 1137 Typi:

847 1149 997 1213 Pan
1046 1145 1252 1212 nudus
1294 1154 1512 1211 trunco
1544 1147 1802 1212 innixus
1807 1147 2021 1235 fistula
2063 1152 2234 1213 canit
2247 1195 2269 1227 ,

726 1258 962 1329 ‚ty-pus
999 1242 1268 1307 obviae.
1337 1268 1437 1329 μ·-
1499 1241 1730 1331 fistula
1761 1243 1994 1331 septem
2033 1249 2272 1310 cicuta-

750 1360 938 1416 rum,
992 1337 1380 1403 Commodi.
1417 1335 1714 1421 (Notis.)

697 1504 703 1511 ,
851 1434 960 1497 De
999 1432 1197 1503 cultu.
1238 1433 1466 1495 Panos
1510 1432 1696 1518 apud
1743 1432 1921 1497 hanc
1957 1432 2273 1499 Caesare·

758 1550 874 1595 am
909 1529 1164 1593 dictum
1201 1526 1424 1612 supra.
2250 1538 2271 1557 ·“

862 1625 1157 1711 Iuppiter
1181 1621 1389 1687 nudus
1410 1626 1590 1714 stans
1629 1621 1716 1688 ad
1753 1643 1938 1690 aram
1987 1627 2055 1689 in
2121 1616 2277 1690 teni-

749 1720 859 1807 plo
895 1717 1200 1813 tetrastylo
1262 1716 1327 1783 d.
1382 1729 1712 1807 pateram,
1788 1719 1834 1800 Ιῖ
1875 1718 2103 1810 hastam
2135 1769 2154 1799 ,
2211 1723 2280 1784 in

760 1835 913 1881 area
936 1815 1161 1901 pedum
1200 1815 1420 1881 Panos
1446 1845 1488 1893 ,·
1515 1834 1757 1878 numus
1798 1814 2070 1901 elegans
2120 1816 2277 1878 Ela-

761 1907 1035 1996 gabali,
1119 1928 1322 1993 quem
1373 1930 1462 1973 ex
1517 1908 1743 1972 museo
1799 1907 1987 1975 Caes.
2062 1911 2276 1979 edidi.

759 2002 1073 2092 (Sylloge
1105 2003 1161 2068 Ι.
1209 2025 1276 2090 p.
1321 2001 1476 2089 59.)

862 2099 933 2166 V
927 2105 993 2164 ir
1032 2097 1239 2167 nudus
1261 2101 1442 2188 flans
1457 2098 1521 2163 d.
1562 2109 1888 2186 pateram,
1923 2102 1982 2187 s.
2018 2094 2275 2190 hastam,

750 2217 879 2282 pro
909 2194 1425 2281 pedibmserpens
1454 2207 1640 2279 caput
1664 2198 1871 2284 crg'fiat
1887 2218 1990 2262 um
2005 2202 2280 2284 em‘gens,

761 2290 1128 2356 Commodi
1168 2290 1376 2375 (Mus.
1425 2287 1649 2372 Caes.)

851 2388 1142 2451 Videtur
1226 2388 1294 2448 in
1372 2386 1506 2449 hoc
1592 2406 1801 2450 numo
1896 2389 2277 2476 propolitus

757 2479 1134 2546 Caesareae
1181 2484 1433 2566 genius.

761 2588 772 2601 '
854 2576 1096 2642 Μηλίαν
1134 2580 1375 2643 turrita
1430 2574 1649 2643 habitu
1671 2581 1979 2666 succincto
2014 2582 2197 2667 stans
2219 2580 2276 2667 fi

1303 647 1312 653 ,
1412 548 2409 681 TRACHONITIS,
2505 564 3143 646 ITVRAEA.

2452 770 2640 836 (ΖΚΓ.
2691 767 3025 854 Aquiliae.
3083 760 3469 852 (Pellerin.)
3512 758 3521 765 ’
3830 848 3839 857 ¹

2452 866 2752 929 Norifius
2793 884 2996 927 aerae
3033 862 3299 924 initium
3339 879 3424 922 ex
3464 857 3694 927 numis
3748 857 3863 925 fibi

2356 962 2645 1046 cognitis
2683 956 3210 1024 constituitinter
3233 974 3450 1020 annos
3472 958 3553 1020 V.
3596 953 3674 1022 C.
3707 977 3865 1040 751.

2358 1072 2674 1141 et·755.‚
2738 1057 2915 1118 intra
2956 1072 3130 1137 quos
3177 1049 3421 1115 adserit
3459 1072 3502 1115 a
3539 1050 3864 1139 Philippo

2358 1152 2704 1217 tetrarcha
2763 1148 3060 1213 Herodis
3109 1148 3211 1212 M.
3260 1143 3404 1209 filio
3451 1159 3517 1211 et
3555 1143 3869 1211 structam

2357 1247 2552 1311 fuiss'e
2590 1245 2994 1311 Caesaream
3018 1292 3040 1327 ‚
3067 1255 3159 1306 ·et
3189 1242 3323 1305 hoc
3343 1262 3619 1327 quoque
3653 1245 3865 1307 nomi-

2360 1365 2447 1407 ne
2481 1341 2942 1429 appellatam,
2991 1358 3198 1423 quam
3225 1348 3293 1401 et
3338 1338 3657 1402 inductae
3709 1359 3864 1424 epo-

2365 1439 2534 1503 chae
2579 1436 2848 1500 causam
2907 1431 3263 1498 constituit.
3382 1432 3650 1498 Citatua
3702 1434 3863 1498 Dia*-

2365 1532 2761 1599 dumeniani
2810 1548 3050 1593 numus
3102 1549 3307 1594 aerae
3349 1527 3577 1615 'vagae
3620 1528 3869 1592 limites

2368 1630 2621 1693 arctius
2679 1626 3206 1704 circumscribit,
3324 1625 3646 1689 nimirum
3688 1626 3867 1688 intra

2368 1744 2579 1789 annos
2620 1726 2705 1791 V.
2750 1721 2827 1786 C.
2873 1739 3033 1803 750.
3082 1741 3245 1802 751.
3293 1719 3425 1783 Sed
3474 1733 3543 1783 et
3578 1740 3760 1784 anno
3787 1721 3869 1786 V.

2369 1820 2447 1884 C.
2488 1839 2528 1900 7
2534 1838 2648 1901 50·
2692 1818 2961 1881 videtur
3011 1815 3353 1893 adversari
3384 1835 3627 1878 numus
3666 1817 3867 1900 Aqui·

2365 1916 2503 1979 liae
2542 1932 2693 1978 cum
2728 1932 2906 1989 anno
2973 1911 3163 1977 (ΖΚΓ.
3216 1912 3397 1976 Nam
3451 1923 3600 1973 tum
3649 1911 3868 1974 adhuc

2365 2009 2616 2077 Iuliam
2665 2008 2957 2073 Paulam
3009 2005 3371 2093 Elagabali
3408 2019 3635 2069 torum
3673 2025 3864 2070 occu·

2330 2145 2337 2151 -
2366 2104 2579 2194 passe,
2621 2107 2870 2167 docent
2893 2107 3031 2184 eius
3050 2104 3233 2165 numi
3253 2102 3697 2164 Alexandrini
3718 2122 3870 2164 cum

2369 2203 2453 2267 L.
2474 2205 2546 2265 Γ.
2569 2213 2638 2264 et
2656 2202 2728 2263 Δ.
2748 2246 2770 2280 ,
2815 2199 3172 2262 fecundum
3205 2214 3379 2281 quos
3411 2199 3585 2260 adeo
3616 2215 3865 2260 ntunos

2368 2294 2854 2385 praeferendus
2874 2306 3052 2357 certe
3073 2313 3200 2379 pro
3216 2293 3519 2378 epochae
3532 2292 3721 2353 initio
3745 2311 3865 2353 an-

2367 2413 2495 2457 nus
2538 2394 2624 2453 V.
2646 2389 2722 2461 C.
2775 2410 2932 2473 75¹·
2963 2390 3229 2454 Suadet
3264 2390 3447 2450 idem
3466 2387 3868 2472 principium

2368 2486 2649 2552 historia
2683 2484 2971 2570 Iosephi.
3004 2485 3260 2547 Narrat
3291 2485 3351 2545 is
3368 2481 3429 2564 ⁶)
3448 2530 3468 2560 ,
3517 2479 3868 2567 Philippum
3900 2472 3905 2479 ’

2367 2582 2721 2650 Ρακιαάεηι
2754 2580 2841 2645 ad
2873 2568 3400 2666 Iordanissontes
3440 2580 3703 2666 positam
3737 2598 3867 2642 conv

753 2671 908 2761 pede
939 2670 1383 2758 prorae'navae's
1426 2675 1635 2768 insfiit
1650 2718 1674 2752 ,
1742 2677 1803 2742 d.
1845 2677 2146 2763 inversum
2178 2695 2279 2740 re·
2345 2675 2670 2769 struxtffe,
2743 2680 2909 2763 eique
2959 2674 3522 2745 CAESAREAE
3542 2694 3759 2739 nomen
3770 2673 3875 2761 se-

756 2791 960 2844 mum,
1065 2768 1125 2855 s.
1187 2775 1627 2855 cornucopiae,
1716 2772 1990 2850 Severi,
2068 2772 2274 2861 (Mus.
2367 2775 2530 2865 ctffi,

759 2860 988 2945 Caes.)
1032 2876 1100 2926 et
1144 2866 1482 2948 Aquiliae.
1535 2864 1937 2950 (Pellerin.)

855 2956 1034 3024 Sistit
1068 2958 1179 3020 hic
1193 2972 1399 3044 typus
1447 2962 1684 3043 Τυχην
1707 3009 1725 3039 ,
1794 2961 1903 3024 feu
1926 2963 2279 3026 Fortunam

753 3053 971 3127 urbi-r,
1065 3053 1153 3113 de
1199 3074 1338 3136 qua
1373 3055 1533 3119 vide
1559 3101 1579 3132 ,
1649 3074 1826 3139 quae
1863 3056 2033 3120 olim
2073 3056 2276 3123 latius

753 3147 1129 3232 disputavi.
1155 3138 1228 3231 b)

850 3334 1139 3423 Epo-cha:

849 3435 1040 3543 l’OB.
1109 3433 1374 3501 Aurelii
1451 3447 1518 3500 et
1601 3436 1930 3503 Lucillae.
1991 3437 2232 3523 (Notis
2258 3484 2281 3516 ,

753 3528 1046 3690 Valglg}
1105 3622 1473 3688 Commodi
1507 3628 1796 3709 juvenis,
1844 3627 2136 3714 (Nuria.)

851 3722 1036 3800 PqA.
1067 3739 1074 3746 ·
1110 3717 1495 3785 Commodi.
1536 3721 1744 3804 (Mus.
1787 3721 1972 3785 Caes.
2010 3719 2282 3804 Notis.)

855 3815 1045 3896 qu.
1133 3808 1406 3892 Severi,
1544 3814 1977 3882 Caracallae.
2078 3817 2281 3902 (Mus.

759 3907 947 3975 Caes.
994 3905 1236 3990 Vaill.)
2021 3925 2031 3932 “

856 4006 989 4071 ΕΛ.
1013 4003 1380 4068 0Domnae.
1419 4003 1695 4091 (Va-ill.)

854 4101 977 4166 CB.
1045 4098 1262 4163 Getae
1321 4099 1509 4164 Caes.
1575 4101 1872 4187 (Nor-ic.)

863 4198 1023 4261 cla.
1081 4195 1510 4261 caracallae.
1561 4195 1946 4284 (Pellerin.)

859 4292 997 4358 Kc,
1047 4291 1600 4358 Diadumeniani.
1655 4294 1857 4380 (Mus.
1905 4291 2135 4378 Caes.)

2637 2782 2699 2837 et
2724 2795 2856 2838 cum
2897 2776 3098 2838 vicum
3143 2769 3493 2860 Bet-saidam
3549 2770 3867 2846 lacni‘Ge-

2363 2870 2719 2958 netsaretico
2758 2870 3015 2956 adfitum
3061 2872 3128 2933 in
3169 2868 3351 2932 urbis
3378 2866 3669 2953 formam
3725 2886 3865 2953 per·

2366 2963 2624 3056 duxtffet
2638 3008 2662 3052 ,
2714 2967 2770 3029 εἰ
2802 2983 3019 3028 nomm
3048 2962 3257 3054 dedtffe
3310 2983 3353 3028 a
3398 2964 3575 3028 Iulia
3602 2962 3875 3049 Caefiris

2350 3063 2513 3155 filia.
2612 3060 2719 3123 Ex
2759 3060 2891 3123 hoc
2942 3057 3335 3122 testimonio-
3368 3058 3713 3141 sequentia
3780 3058 3865 3120 ad

2367 3156 2797 3241 adfigendum
2831 3174 3009 3218 anno
3053 3156 3136 3221 V.
3160 3154 3250 3219 Ὀ.
3310 3174 3469 3238 751.
3511 3174 3713 3218 aerae
3754 3153 3864 3216 ini·

2365 3255 2537 3316 tium
2586 3265 2773 3314 eruo:
2826 3247 3099 3313 Constat
3125 3297 3169 3327 ,.
3197 3250 3542 3312 Herodem
3587 3251 3684 3313 Μ.
3718 3248 3861 3311 Phi·

2366 3346 2537 3433 lippi
2602 3359 2873 3433 patrem
2928 3357 3269 3410 mortuum
3320 3347 3392 3408 in
3438 3364 3601 3409 vere
3652 3348 3737 3407 V.
3791 3341 3868 3405 C.

2372 3461 2575 3525 750.,
2663 3461 2879 3527 neque
2927 3441 3319 3528 Philippum
3380 3439 3594 3504 statim
3674 3450 3865 3526 patre

2367 3551 2638 3602 mortuo
2669 3537 3107 3600 tetrarchiam
3130 3584 3149 3615 ,
3182 3540 3252 3598 in
3284 3556 3420 3619 qua
3452 3534 3571 3599 fita
3591 3536 3855 3611 PaniaS,

2368 3634 2686 3710 adivisse,
2734 3632 2844 3696 sed
2882 3629 3028 3718 post
3061 3633 3306 3694 multas
3336 3650 3611 3710 moras,
3659 3643 3725 3693 et
3754 3626 3856 3691 do·

2368 3747 2492 3791 nec
2531 3726 2859 3813 Augustus
2908 3729 2990 3790 de
3056 3727 3427 3791 dividendo
3472 3729 3647 3807 inter
3696 3724 3858 3789 filios

2367 3823 2665 3886 Herodis
2686 3842 2893 3906 regno
2927 3823 3329 3885 sententiam
3342 3823 3607 3887 dixiss'et
3626 3871 3646 3900 ,
3698 3838 3865 3903 quae

2372 3917 2605 3982 omnia
2620 3930 2624 3934 ·
2636 3918 2902 4004 prolixe
2941 3930 3212 3981 enarrat
3230 3919 3574 4007 Iosephus,
3594 3909 3658 3998 ⁸¹)
3680 3917 3865 3979 Haec

2369 4015 2530 4078 dum
2571 4024 2727 4076 rata
2790 4012 3065 4091 fierent,
3117 4013 3325 4078 facile
3368 4014 3713 4079 effluxerit
3761 4030 3867 4074 an·

2364 4127 2490 4171 nus
2529 4109 2612 4173 V.
2659 4107 2735 4175 C.
2784 4103 2995 4192 75ο.,ἱ
3073 4129 3156 4172 ac
3196 4122 3368 4173 tum1
3413 4111 3704 4193 denique
3753 4124 3858 4193 po·

2364 4205 2495 4265 tuit
2536 4204 2907 4267 condendis
2980 4204 3261 4268 urbibus
3321 4205 3673 4292 applicare
3724 4202 3859 4265 ani-

2364 4316 2549 4361 mum
2574 4346 2593 4378 ,
2644 4299 2967 4364 nimirum·
3000 4301 3086 4363 V.
3128 4299 3209 4366 C.
3249 4319 3408 4384 751.
3434 4348 3453 4380 ,
3500 4320 3671 4384 quas
3704 4300 3860 4362 inter

746 4468 3844 4505 w

823 4542 882 4596 ⁸)
905 4532 1155 4610 Dionys.
1186 4537 1253 4594 L.
1288 4539 1420 4596 VII·
1446 4558 1498 4595 v.
1535 4553 1626 4612 49,
1663 4581 1667 4585 -

764 4604 1002 4662 vau.
1035 4618 1082 4664 e,
1108 4620 1157 4675 g.
1190 4604 1301 4677 seq,

1826 4542 1883 4610 b)
1911 4541 2088 4597 Numi
2119 4555 2228 4599 ret.
2260 4562 2319 4618 p.
2341 4556 2456 4614 183.

2666 4550 2714 4626 a)
2755 4551 2889 4604 Am.
2916 4550 2983 4606 L.
3016 4552 3237 4608 xvm.
3261 4568 3376 4608 aa.
3556 4549 3614 4620 d)
3655 4546 3859 4606 Anat..
