4125 5500
830 556 963 626 134
1080 501 1083 508 ’

802 734 1069 799 niualis
1106 731 1351 811 chisti,
1402 727 1515 798 sed
1556 735 1627 798 in
1668 752 1806 817 quo
1853 731 2094 794 literae
2140 751 2342 796 arcae

803 851 1058 894 -omnes
1100 832 1328 896 erosae
1362 829 1525 898 sunt.
1629 831 1864 894 Solum
1908 829 2116 893 etiam
2149 832 2210 892 N
2246 829 2341 892 la·

817 925 970 991 bem
1000 929 1206 992 evasit
1243 930 1312 991 in
1350 949 1556 991 numo
1587 923 1778 990 fimili
1799 975 1821 1007 ‚
1874 924 1990 1009 qui
2018 925 2156 989 fuit
2177 927 2342 989 olim

808 1026 885 1087 -in
919 1023 1150 1088 museo
1191 1026 1531 1109 d’Ennery
1566 1023 1768 1088 Galli.
1801 1020 1863 1105 ¹¹)
1990 1041 1997 1048 ·

911 1122 1194 1184 Praeter
1216 1121 1341 1184 hos
1376 1121 1639 1206 probae
1674 1120 1837 1183 fidei
1870 1137 2111 1184 numos
2132 1121 2339 1184 video

796 1219 1185 1281 memorari
1229 1219 1405 1281 alios
1442 1215 1740 1301 ejusdem
1780 1220 2094 1301 utrinque
2143 1237 2340 1303 argu-

814 1314 1023 1377 menti
1040 1353 1068 1390 -‚
1121 1314 1234 1376 sed
1274 1333 1445 1397 quos
1486 1315 1729 1379 eruditi
1754 1326 1874 1377 aut
1900 1315 2187 1400 spurios,
2229 1327 2348 1378 aut

815 1422 995 1471 certe
1042 1409 1378 1493 suspectos
1429 1411 1762 1477 adserunt.
1861 1411 2126 1474 Horum
2172 1432 2342 1474 unus

816 1503 904 1567 est
943 1505 1012 1567 in
1045 1503 1270 1568 museo
1295 1509 1472 1593 regis
1492 1506 1869 1570 Galliarum
1893 1554 1912 1585 ,
1944 1511 2148 1590 'quem
2178 1508 2340 1571 Bar-

808 1600 1196 1685 thelemyus
1247 1605 1316 1666 in
1352 1601 1673 1689 epistola,
1728 1623 1937 1687 quam
1973 1601 2154 1666 infra
2196 1602 2342 1666 lau-

816 1696 1002 1760 dabo
1025 1746 1044 1776 ‚
1083 1699 1183 1761 ait
1199 1701 1517 1768 Mediceo
1542 1699 1975 1778 simillimum,
2009 1699 2124 1764 nifi
2156 1700 2344 1782 quod

806 1794 883 1856 in
931 1811 1016 1858 eo
1055 1795 1296 1859 literae
1350 1813 1554 1860 arcae
1606 1791 1847 1860 omnes
1896 1806 2343 1862 evanuerunt.

812 1889 1029 1954 Addit
1052 1903 1446 1976 praeterea,
1482 1913 1618 1977 quo
1649 1893 2042 1958 adcuratius
2063 1885 2342 1955 numum

810 1985 1001 2050 hunc
1062 1989 1600 2075 contemplatur,
1672 2002 1867 2055 tanto
1927 1989 2174 2052 certius
2226 1986 2345 2049 fibi

817 2083 1039 2146 videri
1081 2083 1398 2167 spurium.
1500 2085 1751 2151 Similis
1779 2084 1995 2150 exstat
2030 2086 2342 2170 depictus

811 2181 888 2242 in
936 2179 1166 2243 museo
1229 2181 1613 2247 Pembrock
1644 2176 1698 2262 k³)
1774 2182 2079 2269 express'o
2150 2182 2343 2265 super

815 2296 982 2339 arca
1037 2275 1282 2341 diserto
1349 2279 1571 2356 ΝΩΕ,
1625 2279 1736 2343 sed
1790 2281 1992 2363 quem
2038 2277 2340 2340 eruditus

812 2370 1044 2434 Milles
1090 2370 1273 2434 infra
1302 2375 1683 2437 laudandus
1733 2396 1887 2435 cum
1935 2374 2152 2435 tribus
2206 2371 2341 2433 fra-

815 2461 1072 2551 tribus),
1125 2465 1243 2549 qui
1274 2467 1419 2531 sunt
1450 2470 1523 2532 i‘n
1558 2469 1770 2533 variis
1810 2468 2053 2563 muscia
2078 2467 2341 2531 Britan-

806 2563 986 2626 nicis
1012 2610 1034 2641 ‚
1088 2560 1447 2629 Crottiano
1468 2609 1489 2644 ‚
1540 2565 1908 2631 Duaniano
1929 2612 1953 2643 ‚
1977 2564 2338 2643 Hunteria5

782 2677 907 2722 ⁴no
939 2707 960 2738 ,
1012 2679 1100 2725 ex
1149 2662 1393 2727 eadem
1441 2665 1729 2730 matrice
1783 2660 2003 2727 fusum
2055 2660 2337 2749 suspica·

808 2768 943 2824 tur.

2052 528 2705 606 PHRYGla.

2428 755 2612 797 mum
2665 733 3142 818 intelligimus,
3213 730 3524 795 inscitum
3585 730 3760 795 illud
3801 735 3950 797 NH·

2426 835 2660 908 ΤΩΝ,
2716 844 2788 893 et
2821 832 3008 913 quod
3045 830 3362 914 sequitur,
3407 829 3944 904 ΜΛΓΝΗΤΩΝ,

2425 949 2785 1014 perperam
2833 927 3173 993 intrusum.
3273 927 3465 988 Idem
3523 926 3770 989 deinde
3817 924 3943 988 sen·

2423 1027 2729 1112 tiendum
2784 1025 2870 1087 de
2925 1021 3272 1088 vocabulo
3321 1023 3739 1108 NGssKopon.
3841 1022 3942 1084 Et·

2423 1122 2710 1186 enimin
2747 1121 2968 1183 mimis
3011 1120 3230 1193 binis,
3284 1137 3462 1202 quos
3505 1119 3653 1182 vidi
3703 1118 3840 1203 ipse
3882 1131 3942 1181 et

2427 1217 2788 1304 exploravi
2841 1216 3114 1292 sedulo,
3169 1214 3546 1290 Caesareo,
3602 1226 3671 1277 et
3735 1215 3935 1278 Medi·

2426 1335 2595 1392 ceo,
2665 1315 2929 1399 priores
2983 1314 3162 1375 duae
3219 1312 3456 1375 literae
3511 1322 3772 1375 certum
3825 1314 3933 1375 ΝΩ

2427 1410 2728 1488 faciunt,
2782 1409 3027 1492 quibus
3064 1410 3243 1472 adde
3281 1428 3558 1474 numum
3594 1407 3800 1469 musei
3831 1407 3929 1470 Al·

2425 1508 2632 1584 bani,
2685 1506 2865 1569 unde
2907 1506 3086 1569 adeo
3127 1505 3554 1590 praetensum
3580 1503 3931 1583 Nffluopmr

2425 1602 2672 1670 confici
2689 1602 2940 1686 nequit.

2419 1702 2583 1765 dum
2615 1698 3022 1784 Spanhemii
3045 1698 3425 1782 judicium,
3478 1698 3596 1782 qui
3639 1697 3710 1760 in
3746 1717 3926 1761 numo

2425 1797 2746 1861 Mediceo
2785 1795 3044 1880 lapsum
3082 1795 3487 1872 monetarii,
3517 1807 3589 1859 et
3626 1793 3927 1857 metathe-

2426 1892 2518 1957 fin
2570 1892 2746 1957 ΝΩΕ
2794 1912 2924 1979 pro
2970 1893 3149 1958 Neo
3206 1892 3511 1977 agnovit.
3546 1889 3612 1972 c)
3714 1890 3927 1973 Neque

2428 1992 2608 2053 enim
2642 1989 3000 2054 verisimile
3022 2036 3043 2068 ‚
3084 1988 3386 2052 diversos
3424 1986 3733 2051 diversae
3767 1999 3928 2050 aeta·

2423 2089 2512 2150 tis
2557 2087 2976 2149 monetarios
3015 2085 3086 2147 in
3137 2085 3376 2168 iniqua
3402 2085 3708 2167 ejusdem
3741 2103 3930 2147 voca·

2427 2182 2567 2245 buli
2604 2182 2940 2267 scalptura
2972 2180 3162 2244 fuiss'e
3194 2181 3592 2243 concordes.
3645 2181 3753 2242 Ad
3775 2179 3932 2242 haec

2425 2281 2494 2342 in
2527 2277 2711 2342 nullo
2766 2277 2908 2341 alio
2957 2277 3158 2359 hujus
3190 2278 3547 2360 Apameae
3579 2295 3782 2338 numo
3822 2294 3934 2338 no·

2425 2386 2643 2437 tatum
2681 2373 3010 2437 hactenus
3062 2385 3504 2438 neocoratum
3545 2370 3933 2455 reperimus.

2424 2471 2692 2534 Mirum.
2713 2470 2937 2546 adeo,
2987 2467 3032 2531 fi
3093 2468 3228 2532 hoc
3271 2466 3395 2531 illa
3437 2468 3700 2531 honore
3748 2467 3931 2532 deeo-

2415 2577 2580 2631 rata
2601 2563 2773 2645 fuit,
2827 2583 2980 2629 eum
3002 2567 3334 2648 jactatum
3359 2565 3430 2627 in
3450 2564 3668 2646 hujus.
3684 2575 3929 2640 tantum

2422 2662 2803 2749 argumenti
2837 2663 3059 2725 nuruis
3086 2710 3106 2740 ,
3159 2661 3655 2724 dilkimulatum
3689 2662 3762 2724 in
3803 2681 3930 2724 om-

2418 2762 2620 2826 nibus
2656 2761 2864 2827 aliia·
2935 2760 3337 2823 Tenendum
3371 2779 3572 2846 ergo,
3607 2759 3830 2835 hanc,
3861 2759 3933 2822 de

2305 2866 2312 2877 '
2421 2878 2563 2943 qua
2593 2859 2855 2944 agitur,
2907 2876 3114 2920 arcae
3154 2856 3571 2942 epigraphen
3605 2877 3654 2919 a
3696 2859 3824 2920 ΝΩ
3853 2857 3932 2917 in·

909 2954 1020 3019 EI
1025 2954 1095 3018 V
1089 2953 1366 3020 SDEM
1360 3000 1380 3021 .

910 3145 1049 3209 ΕΠ.
1091 3145 1183 3215 Μ.
1233 3147 1430 3212 ΑΤΡ.
1488 3144 2092 3211 ΑΛΕΞΑΝΔΡΟΤ.
2146 3142 2335 3208 ΒΕΑ.

814 3241 1275 3308 ΔΠΛΜΕΩΝ.
1344 3240 1520 3306 Idem
1555 3251 1781 3326 typus,
1829 3243 1899 3304 in
1932 3244 2132 3307 atica:
2196 3239 2338 3303 ΝΕ·

816 3338 963 3400 ΩΚ.
1016 3338 1158 3400 ΑΕ.
1195 3358 1285 3403 m.
1318 3359 1407 3403 m.

910 3434 1108 3497 Hunc
1170 3452 1449 3499 numum
1511 3424 1918 3498 Vaillantius
1977 3434 2047 3497 in
2115 3435 2336 3498 numis

816 3529 1097 3595 Graecis
1139 3553 1223 3595 ex
1263 3531 1486 3597 museo
1518 3532 1893 3595 Alexandri
1918 3532 2101 3594 v111.
2148 3533 2336 3595 citat.

810 3626 1063 3690 Differt
1121 3647 1164 3690 a
1214 3630 1481 3712 priore,
1557 3629 1744 3712 quod
1790 3630 1858 3689 in
1897 3627 2031 3691 hoc
2073 3628 2336 3712 legatur

760 3738 769 3747 ·
811 3724 893 3784 B.
923 3768 940 3799 ,
993 3728 1067 3784 a‘t
1105 3724 1174 3784 in
1210 3725 1554 3807 praesente
1584 3725 1769 3790 ΒΕΔ.
1796 3770 1816 3800 ,
1853 3726 1937 3787 de
1971 3742 2108 3807 quo
2131 3744 2334 3808 agam

808 3816 1015 3901 infra.
1119 3819 1547 3885 Vocabulum
1599 3820 1861 3886 ΝΕΩΚ.
1889 3821 1961 3884 in
1996 3840 2204 3883 numo
2233 3820 2332 3884 vi·

806 3914 990 4025 ‘t'pto
1036 3916 1447 3983 Vaillantius
1498 3918 1685 3983 haud
1733 3918 1940 3981 dubie
1982 3917 2330 4003 suppleve-

811 4024 940 4091 rit,
993 4026 1065 4079 ut
1113 4014 1182 4077 in
1222 4014 1361 4078 alio
1399 4016 1638 4080 Severi
1668 4013 1930 4081 factum
1964 4016 2306 4079 diximus.-

1551 4102 1593 4145 ᾖ

1741 4164 1779 4204 ¹}

908 4207 1262 4293 Proposito
1307 4165 1555 4273 horum
1609 4227 1967 4274 numorum
2002 4209 2326 4294 catalogo

794 4304 950 4387 ·jam
984 4305 1189 4367 etiam
1215 4304 1297 4368 de
1318 4326 1486 4368 vero
1520 4324 1756 4368 eorum
1795 4302 1963 4368 statu
1986 4304 2326 4367 confiden-

811 4403 947 4463 tius
990 4401 1325 4485 poss'umus
1359 4401 1733 4487 arbitrari..
1801 4402 1946 4463 Iam
1980 4401 2159 4462 enim
2191 4401 2323 4484 pri·

883 4611 937 4676 a)
979 4610 1156 4671 Catal,
1190 4628 1248 4683 p.
1286 4625 1409 4680 429,
1602 4609 1665 4683 b)
1698 4610 1847 4674 Part.
1880 4610 1990 4671 111.
2024 4610 2140 4673 tab,
2180 4612 2266 4682 7'8.

2409 2957 2648 3038 -cipere
2671 2999 2690 3029 ,
2745 2958 3192 3038 quaecunque
3231 2953 3474 3015 deinde
3506 2952 3710 3013 litera
3745 2954 3939 3015 tertia

2423 3050 2596 3111 duas
2612 3048 2764 3112 illas
2790 3048 3236 3132 consequatur
3257 3095 3279 3125 ‚
3333 3066 3528 3132 quam
3557 3046 3940 3129 aliquando

2419 3142 2760 3208 revelabit
2805 3158 3093 3231 tempus.
3193 3144 3415 3207 Fuere
3439 3192 3461 3222 ‚
3527 3141 3777 3228 quibus
3822 3148 3940 3208 mi-

2417 3260 2573 3304 rum
2592 3242 2847 3318 visum,
2883 3261 3019 3325 quo
3051 3240 3204 3305 fato
3226 3242 3568 3318 evenerit,
3607 3254 3685 3304 ut
3706 3243 3942 3305 eadem

2423 3338 2724 3420 ejusdem
2762 3338 3000 3401 literae
3028 3341 3300 3420 jactura
3352 3338 3688 3407 mulcaret
3715 3339 3784 3401 id
3825 3358 3940 3423 ge-

2419 3452 2545 3498 nus
2601 3454 2843 3500 numos
2891 3454 3167 3513 omnes,
3221 3435 3338 3531 qui
3392 3437 3486 3499 ad
3537 3454 3665 3498 nos
3706 3454 3942 3519 perve-

2418 3550 2600 3596 nere.
2699 3535 2798 3596 At
2837 3552 3276 3616 nequaquam
3325 3530 3493 3596 istud
3535 3532 3783 3595 mirum
3817 3533 3935 3609 iis,

2413 3629 2666 3713 'quibus
2717 3629 2949 3693 videre
2988 3628 3232 3692 fimiles
3273 3630 3578 3714 contigit.
3680 3628 3938 3692 Etenim

2417 3744 2574 3789 cum
2619 3746 2826 3790 arcae
2865 3725 3047 3789 latus
3090 3730 3180 3788 eo'
3226 3726 3398 3790 loeo
3429 3724 3736 3789 maxime
3789 3726 3942 3788 emi·

2409 3835 2612 3900 neat,
2667 3822 2774 3886 cui
2813 3823 3015 3886 litera
3051 3823 3258 3885 tertia
3297 3822 3538 3886 insedit
3563 3868 3583 3899 ‚
3635 3834 3708 3885 et
3761 3823 3937 3906 quod

2411 3919 2752 4002 sequitur,
2789 3917 3027 3983 .frictui
3060 3920 3365 3983 omnium
3397 3918 3703 3983 maxime
3742 3918 3939 3982 fuerit

2415 4016 2771 4094 obnoxia,
2840 4015 3094 4080 neceffe
3151 4014 3282 4093 est,
3350 4015 3392 4079 fi
3453 4016 3643 4097 quod
3701 4017 3938 4080 vitium

2411 4133 2620 4177 numo
2665 4133 2788 4199 per
2838 4133 3084 4177 aevum
3126 4112 3442 4190 accessit,
3495 4111 3801 4197 primam
3847 4110 3936 4175 fu·

2412 4209 2525 4272 iss'e
2576 4209 2755 4272 hanc
2800 4209 3067 4272 literam
3103 4212 3243 4291 ejus
3274 4209 3534 4291 injuriis
3578 4208 3936 4289 objectam.

2508 4306 2620 4367 Ad
2659 4304 3074 4392 {iugularem
3099 4304 3295 4387 hujus
3340 4308 3492 4392 typi
3540 4307 3940 4392 explicatio·

2408 4420 2563 4463 nem
2599 4403 2784 4483 quod
2820 4405 3100 4481 attinet,
3151 4406 3288 4466 treiz
3324 4403 3602 4489 reperio
3636 4405 3938 4477 eruditos

2458 4612 2508 4680 e)
2545 4609 2713 4684 Epist.
2750 4611 2825 4673 V.
2861 4608 2938 4664 ad
2977 4610 3197 4672 Moron.

3042 1602 3483 1686 Quapropter
3504 1614 3576 1664 et
3593 1599 3926 1685 aspernari·
4047 1618 4057 1632 ·
