4125 5500
693 508 831 569 280
1605 479 2250 560 SELEVCIS
2303 539 2326 573 ‚
2422 478 2901 556 PIERIA.

716 695 929 771 eima,
976 688 1035 773 ²)
1073 700 1137 750 et
1175 686 1449 771 quidem
1475 689 1559 750 V.
1596 685 1671 751 C.
1716 687 1876 767 786.
1917 686 1985 749 in
2035 688 2222 768 cujus
2713 688 2734 695 ⁶
2972 686 3028 763 S.
3087 678 3197 742 XI.

715 803 1041 855 autumno
1080 785 1308 868 coepit
1342 804 1554 847 annus
1574 788 1705 847 ΒΠ.
1730 803 1935 846 numo
1959 783 2230 868 inscrip·
3475 812 3485 821 ·

714 901 872 964 tua,
972 895 1047 944 ut
1102 883 1420 943 diximus.
1521 880 1796 943 Necesse
1865 900 2024 965 ergo
2103 877 2235 956 est,
2419 875 2605 941 IMP.
2668 875 2793 940 TI.
2849 870 3305 943 CLAVDIVS
3359 868 3575 937 AVG.
3653 867 3860 935 CER.

717 983 1045 1045 Flaccum
1076 977 1309 1062 paullo
1353 974 1497 1061 post
1546 989 1864 1061 coeptum
1901 976 2080 1038 hunc
2119 994 2239 1040 an·
2327 973 2532 1058 Caput
2574 971 2817 1038 Claudii
2878 971 3043 1034 laur.
3093 978 3151 1046 ,Ὤ
3225 970 3399 1034 Em.
3437 969 3855 1036 ΚΛΣΣῙΟΤ

718 1097 881 1142 num
914 1091 1254 1138 mortuum
1297 1118 1315 1145 ,
1391 1074 1553 1155 quia
1606 1073 1890 1135 Tacitus
1955 1072 2025 1133 in
2086 1071 2244 1149 anni
2328 1068 2881 1134 ANTIOXEQN.
2919 1067 3062 1130 ET.
3107 1070 3325 1152 Aq.in
3362 1067 3523 1133 alio:
3574 1065 3724 1130 ΕΤ.
3752 1086 3861 1152 sq.

724 1178 863 1257 ejus
906 1170 1097 1257 gestis
1134 1167 1391 1231 refert:
1448 1171 1594 1233 exin
1652 1168 1870 1234 Flacco
1900 1168 2248 1253 Pomponio
2329 1172 2506 1233 intra
2545 1180 2861 1230 coronam.
2912 1164 3050 1229 ΑΕ.
3089 1163 3176 1231 11.
3227 1164 3540 1244 (Motelli
3578 1164 3653 1227 in
3688 1160 3867 1232 fam.

726 1273 959 1354 Syriae
1031 1275 1450 1353 propraetore
1537 1264 1822 1352 defuncto
1895 1266 2256 1330 recitantur
2337 1263 2508 1327 Cass'.
2537 1262 2800 1347 Notis.)

732 1365 1013 1453 Caesaris
1046 1364 1291 1428 litterae
1345 1371 1454 1427 etc.
1507 1361 1618 1425 sed
1652 1374 1719 1425 et
1752 1361 2038 1425 Tacitus
2087 1359 2258 1423 istud
2437 1358 2612 1422 Anni
2665 1360 2786 1442 Aq.
2826 1371 2895 1423 et
2956 1377 3055 1443 sq.
3119 1370 3234 1453 94.
3295 1368 3362 1420 et
3406 1358 3521 1440 96.
3566 1357 3863 1421 ducendi

729 1472 1074 1528 memorat
1091 1461 1159 1522 in
1194 1456 1399 1521 rebus
1440 1456 1745 1521 extremo
1780 1460 1920 1540 ejus
1955 1458 2114 1520 anni
2150 1477 2258 1541 ge·
2341 1455 2433 1521 ab
2478 1467 2806 1519 autumno
2839 1457 2928 1528 V
2980 1454 3055 1519 C.
3099 1466 3262 1536 798.
3297 1466 3364 1518 et
3397 1466 3561 1528 800.
3597 1452 3856 1518 Cass'ius

736 1558 870 1623 ssis.
968 1554 1147 1620 Istud
1189 1573 1351 1639 ergo
1397 1553 1794 1641 praeclarus
1844 1553 1956 1616 hic
2017 1570 2259 1616 numus
2343 1552 2690 1636 Longinus
2729 1552 2896 1634 juris
2943 1551 3220 1616 scientia
3241 1550 3580 1633 inclytuS‚
3635 1550 3751 1634 qui
3790 1550 3863 1612 iu

736 1657 982 1728 docet,
1033 1669 1168 1714 non
1203 1649 1391 1734 poss'e
1428 1651 1697 1715 initium
1734 1650 2041 1736 epochae
2091 1647 2262 1712 Cae·
2349 1647 2588 1732 Syriae
2635 1649 2958 1734 regimine
3012 1645 3221 1712 Vibio
3278 1647 3509 1711 Marso
3551 1643 3870 1712 succeffit.
3905 1681 3910 1684 ’

735 1748 1047 1814 sarianae
1092 1744 1348 1809 differri
1406 1746 1477 1809 in
1537 1768 1786 1811 annum
1823 1750 1903 1815 V.
1940 1744 2015 1809 C.
2058 1745 2262 1826 706„
2349 1748 2673 1809 Veterum
2787 1747 2874 1808 de
2955 1765 3039 1809 eo
3130 1736 3512 1807 testimonia
3581 1741 3876 1806 collecta

744 1862 911 1911 nam
941 1855 1085 1906 tum
1121 1861 1334 1906 annus
1370 1845 1558 1905 numi
1590 1846 1724 1907 ΒΠ.
1776 1843 2118 1906 ducendus
2158 1838 2264 1904 fo·
2345 1840 2506 1905 vide
2559 1841 2748 1925 apud
2773 1840 3136 1909 Norifium.
3200 1838 3475 1924 (Cenot.
3540 1839 3667 1901 Pis.
3725 1837 3864 1901 din:

742 1950 848 2005 ret
903 1939 991 2002 ab
1039 1953 1366 2001 autumno
1404 1940 1484 2001 V.
1522 1938 1601 2006 C.
1650 1949 1813 2019 787.
1859 1939 2265 2019 Flaceojam
2346 1937 2436 2005 11.
2470 1957 2528 2000 c.
2581 1939 2688 2001 16.
2728 1941 2780 2019 ς.
2830 1957 2937 2022 13.
2977 1949 3046 2000 et
3093 1956 3204 2023 ep.
3245 1935 3516 2020 Syrom.
3561 1934 3704 1998 diff.
3737 1934 3865 2006 111.

753 2054 937 2103 anno
976 2035 1431 2120 praecedente
1466 2035 1731 2098 Iuliano
1777 2055 1811 2097 e
1866 2035 2042 2098 vivis
2076 2053 2265 2119 erep·
2353 2053 2412 2096 c.
2449 2031 2554 2113 4.)

746 2147 855 2197 to.
950 2131 1081 2194 Sed
1115 2129 1425 2215 epochae
1473 2129 1924 2195 Caesarianae
2002 2129 2266 2192 initium

744 2229 964 2295 multo
1039 2227 1264 2291 adhuc
1320 2225 1721 2290 luculentius
1788 2225 2267 2311 comprobabi·
3010 2230 3061 2306 ς.
3125 2225 3273 2289 XII.

754 2341 865 2388 tur
949 2346 1036 2388 ex
1106 2322 1329 2385 numis
1381 2323 1687 2388 Muciani
1720 2323 1835 2386 sub
1888 2320 2116 2386 Galba
2202 2334 2271 2383 et
2399 2370 2422 2387 ..
2555 2332 2561 2337 '

751 2422 1022 2485 Othone
1078 2421 1153 2504 S)
1177 2420 1318 2483 riae
1363 2418 1709 2505 praesidia.
2457 2418 3002 2487 ANTIOXEQN.
3054 2419 3257 2504 Caput
3306 2417 3589 2485 muliebre
3609 2416 3880 2484 velatum

2362 2520 2689 2588 turritum.
2729 2512 3641 2590 aeEn1.K0·rAA1²ATo·r.
3681 2498 3902 2581 Aries'

1398 2615 1456 2694 ς,
1539 2613 1621 2679 X.
2209 2626 2216 2635 '
2337 2614 2573 2702 saliens
2605 2611 2883 2678 lunulam
2919 2623 2980 2678 et
3013 2613 3242 2700 astrum
3302 2614 3585 2700 respicit,
3666 2613 3876 2697 infra.-
3965 2681 3978 2691 ,

2360 2711 2504 2776 ET.
2550 2710 2678 2778 ΔΡ.
2724 2743 2819 2759 -
2873 2710 3022 2774 ET.
3093 2710 3228 2776 ΕΡ.
3261 2743 3360 2757 —
3425 2710 3580 2776 ET.
3624 2710 3732 2778 ςΡ.
3787 2740 3875 2758 -

862 2810 1035 2874 lMP.
1100 2809 1229 2872 T1.
1275 2804 1753 2875 CLAVDIUS.
1818 2807 2026 2876 AVG.
2080 2804 2282 2873 GER.
2366 2807 2517 2872 ET.
2558 2808 2680 2874 ZP.
2737 2841 2834 2858 -··-
2895 2807 3046 2875 ET.
3099 2809 3239 2871 ΗΡ.
3293 2807 3432 2874 ΛΕ.
3492 2807 3607 2871 111.
3650 2807 3870 2885 (Mus.

761 2906 963 2990 Caput
984 2904 1229 2970 Claudii
1260 2904 1421 2970 laur.
1452 2909 1509 2977 x
1545 2903 1718 2968 Em.
1742 2905 2286 2973 HETPONIOT.
2371 2901 2557 2969 Caes.
2591 2903 2904 2967 Harduin
2927 2951 2949 2984 ‚
3000 2901 3314 2987 Hunter.)

762 3000 1327 3065 ARTIOXEQN.
1364 3018 1568 3062 aimus
1611 3019 1693 3082 q,
1747 3003 1923 3064 intra
1977 3021 2288 3067 coronam.
2465 2999 2570 3061 Ex
2609 2997 2717 3064 his
2760 3019 2973 3063 annus
3009 3001 3268 3086 primus
3308 2999 3436 3063 ΔΡ.
3473 2997 3747 3061 ducitur
3794 2996 3874 3062 ab

764 3097 904 3158 ΑΕ.
942 3094 1028 3156 11.
1066 3095 1303 3178 (Noria
1357 3113 1463 3177 ep.
1506 3092 1777 3176 Syrom.
1826 3115 1890 3181 p.
1944 3116 2097 3178 152.
2137 3099 2290 3160 Mo·
2373 3108 2695 3158 autumno
2731 3098 2813 3161 V.
2870 3093 2945 3158 C.
3006 3107 3167 3171 808.
3211 3092 3586 3179 postremus
3625 3095 3762 3158 ΗΡ.
3795 3092 3876 3156 ab

763 3190 912 3254 relli
954 3191 1023 3250 in
1045 3187 1212 3252 fam.
1252 3186 1561 3271 Petron.)
2375 3201 2699 3254 autumno
2753 3202 2917 3263 812.
2966 3193 3079 3276 qui
3115 3209 3352 3254 omnes
3391 3190 3535 3253 sunt
3575 3189 3879 3253 Neronis.

862 3288 1097 3349 Annus
1133 3306 1197 3370 q.
1238 3303 1491 3370 nempe
1514 3304 1636 3376 9⁰·
1659 3286 1891 3371 coepit
1924 3287 1995 3348 in
2031 3293 2293 3348 autum·
2370 3283 2528 3349 Fuit
2554 3299 2782 3349 tamen
2820 3285 2897 3350 C.
2921 3287 3304 3351 meidius
3330 3285 3728 3368 Quadratus
3745 3289 3877 3367 jam

770 3402 879 3447 no
917 3384 1000 3446 V.
1042 3379 1119 3445 C.
1169 3393 1329 3463 794.
1374 3383 1456 3446 P.
1492 3383 1887 3447 Petronium
1923 3383 1993 3445 in
2022 3381 2293 3463 Syriam
2378 3402 2423 3446 a
2466 3379 2757 3446 Claudio
2787 3383 2858 3446 in
2908 3383 3178 3468 Syriam
3211 3382 3475 3458 miffus,
3543 3402 3704 3446 nam
3739 3399 3882 3448 eum

732 3480 1070 3565 legatum
1105 3478 1367 3542 miss'um
1406 3498 1451 3540 a
1501 3479 1852 3564 Caligula,
1910 3476 2138 3541 testem
2176 3476 2294 3539 ha·
2377 3478 2617 3564 Syriae
2649 3478 3071 3564 prae-fidem
3049 3500 3192 3563 jam
3230 3479 3471 3543 laudat
3489 3479 3777 3542 Tacitus
3795 3477 3882 3540 ad

778 3576 1014 3638 bemus
1036 3575 1112 3637 Io
1128 3573 1446 3659 sephum‚
1497 3586 1566 3638 et
1584 3577 1863 3659 quidem
1896 3576 2124 3658 judice
2158 3573 2297 3637 No·
2376 3595 2630 3639 annum
2664 3578 2751 3638 V.
2794 3574 2870 3639 C.
2925 3587 3087 3654 804.
3134 3566 3192 3654 ¹¹)
3223 3575 3529 3638 Eundem
3565 3593 3751 3637 anno
3801 3572 3880 3635 se·

780 3669 932 3733 rifio
995 3672 1078 3734 V.
1131 3668 1203 3732 C.
1266 3687 1428 3750 792.
1494 3657 1560 3751 1ἦ)
1626 3671 1921 3734 Duravit
1963 3672 2035 3733 in
2088 3669 2298 3753 ipsum
2380 3683 2624 3756 quente
2647 3670 3039 3736 seditionem
3091 3673 3160 3734 in
3200 3670 3461 3735 Iudaea
3492 3666 3881 3755 composuis-

781 3763 1055 3827 Claudii
1094 3765 1456 3849 imperium
1494 3761 1652 3828 teste
1683 3778 1955 3851 praeter
1990 3766 2168 3829 hunc
2184 3785 2300 3828 nu·
2382 3768 2446 3831 se
2490 3765 2720 3832 refert.
2773 3764 2836 3852 )
2869 3768 3062 3848 Idem
3096 3768 3346 3831 serius·
3329 3815 3345 3831 .
3401 3756 3466 3848 f)
3525 3765 3794 3832 Corbulo
3821 3768 3883 3827 iu

784 3881 972 3923 mum
1031 3861 1237 3923 etiam
1292 3860 1622 3947 Iosepho,
1676 3864 1791 3946 qui
1837 3863 2084 3926 recitat
2128 3861 2301 3926 litte·
2380 3862 2645 3949 Syriam
2675 3857 2936 3954 abfiefflt
2969 3874 3168 3931 morte
3212 3861 3284 3930 V
3277 3863 3516 3929 mmidii
3546 3864 3748 3947 legati
3775 3881 3883 3927 va-

782 3976 896 4020 ras
928 3958 1020 4021 ad
1040 3955 1400 4021 Dorienses
1443 3959 1686 4035 datae,
1739 3977 1916 4042 quae
1938 3959 2300 4044 incipiunt:
2382 3981 2601 4039 marn,
2653 3981 2726 4026 ac
2763 3961 2886 4049 fibi
2928 3959 3278 4051 permjffam
3307 4007 3328 4038 ‚
3398 3960 3584 4045 quod
3637 3958 3882 4023 factum

788 4054 866 4132 P.
900 4055 1244 4119 Petronius
1281 4054 1529 4139 legatus
1565 4054 1804 4120 Tiberii
1868 4055 2112 4121 Claudii
2155 4056 2302 4121 Cae·
2381 4059 2468 4120 V.
2504 4054 2580 4119 C.
2623 4069 2784 4139 813.
2827 4062 3009 4122 Vera
3045 4072 3114 4123 et
3147 4059 3379 4121 omnia
3413 4054 3611 4136 hujus
3650 4052 3884 4140 praefi-

762 4151 964 4234 [πίε.
1051 4152 1229 4216 Vide
1260 4151 1346 4215 de
1371 4152 1695 4217 Petronio
1732 4152 1933 4239 plura
1950 4152 2134 4237 apud
2163 4152 2309 4215 No·
2387 4153 2493 4217 dis
2547 4155 2831 4217 nomina
2879 4152 3112 4219 fuere:
3182 4153 3248 4220 C.
3311 4151 3670 4220 meidius
3715 4150 3878 4219 Dur·

776 4246 1023 4312 riflum.
1074 4245 1139 4331 α)
2387 4251 2555 4314 naus
2594 4249 3008 4337 Quadratus,
3061 4262 3135 4316 ut
3159 4270 3244 4315 ex
3268 4251 3551 4332 antiquo
3591 4265 3869 4312 marmo-

846 4513 1094 4633 &Auen
1124 4512 1224 4565 VI.
1256 4532 1300 4568 0.
1337 4531 1422 4580 27.
1589 4515 1650 4584 b)
1687 4517 1887 4574 Cenot
1925 4511 2032 4574 Pis
2067 4513 2183 4580 diff
2215 4518 2290 4573 11.
2326 4535 2373 4575 c.
2416 4522 2497 4580 16.
2530 4519 2698 4587 §·13·
2872 4519 2921 4587 0)
2955 4517 2996 4578 1.
3034 4533 3082 4572 0.
3254 4501 3314 4587 d)
3350 4515 3502 4569 Ann-
3546 4514 3874 4582 XII-culs·

772 4579 895 4648 e)l.
933 4599 983 4641 0.
1023 4596 1195 4652 0-.54
1383 4583 1614 4651 ὓΑιιιι.
1650 4587 1813 4642 :nv
1850 4600 1899 4646 c.
1937 4586 2019 4637 26·
