4125 5500
688 4634 695 4637 Α
809 4639 863 4706 ο)
888 4633 1061 4731 ἱΒίες.
1096 4631 1164 4688 1..
1197 4632 1411 4689 xux.
1446 4634 1524 4686 tit.
1565 4650 1611 4689 ι.
1649 4630 1699 4700 §-
1738 4648 1821 4703 25.

828 572 968 642 116

811 760 1223 829 constitutos.
1274 759 1581 846 (Tomi.
1622 780 1691 847 p.
1719 760 1765 825 6
1776 783 1801 824 ι
1818 762 1910 844 3,.)
1961 761 2217 825 Verum
2243 780 2335 827 an

807 869 1107 942 unquam
1147 859 1567 923 Macedones
1604 858 1783 921 intra
1814 856 2126 921 Helladis
2162 857 2332 922 fines

806 953 997 1020 fuere
1060 955 1375 1032 admissi,
1450 973 1623 1037 quos
1689 952 2026 1017 barbaros
2079 953 2330 1039 passim

803 1063 1014 1116 vocat
1061 1048 1596 1114 Demosthenes?
1662 1049 1840 1114 Sane
1882 1050 1951 1112 in
1985 1068 2330 1113 marmore

778 1148 1087 1213 ‘Athenis
1144 1157 1418 1231 reperto
1482 1145 1726 1207 dicitur
1782 1142 2048 1208 Rnffius
2103 1143 2330 1208 Festus

807 1241 1391 1310 ANoTnAToC.
1421 1239 1852 1306 CAAAAOC.
1892 1261 2138 1326 nempe
2174 1261 2330 1327 pro·

807 1340 1076 1405 vinciae
1125 1337 1432 1399 Achaiae
1456 1382 1476 1413 ‚
1530 1335 1809 1400 exclusis
1864 1338 2042 1400 adeo
2097 1339 2330 1400 Mace·

810 1433 1104 1499 donibus
1130 1480 1150 1511 ‚
1205 1432 1321 1515 qui
1371 1431 1582 1494 alium
1618 1429 1923 1495 habuere
1972 1433 2329 1516 proconsu-

806 1531 964 1593 lem.
1000 1528 1060 1614 ²)
1114 1528 1329 1591 Aliter
1366 1526 1579 1591 visum
1632 1527 1918 1610 Belleyo
1945 1574 1965 1605 ,
2023 1527 2139 1610 qu‘i
2177 1548 2332 1596 cum

804 1629 1117 1703 videret,
1172 1625 1378 1687 Ionas
1426 1643 1561 1686 non
1584 1643 1742 1686 raro
1777 1643 1821 1687 a
1850 1624 2198 1687 veteribus
2236 1625 2335 1686 di-

813 1726 874 1788 ci
916 1723 1225 1797 Hellenes,
1276 1721 1543 1784 Ioniam
1579 1732 1812 1782 autem
1858 1718 2070 1803 ipsam
2108 1719 2331 1782 secun-

753 1799 773 1818 ’
808 1821 970 1886 dum
1023 1816 1450 1880 Herodotum
1510 1826 1579 1878 et
1634 1813 2161 1899 Xenophontem
2213 1814 2332 1877 ali-

810 1917 1087 1999 quando
1128 1924 1396 1997 partem
1419 1911 1689 1993 Lydiae
1720 1907 2142 1987 constituisse,
2182 1928 2331 1973 cen-

640 2024 651 2032 ·
716 2065 731 2090 ,
806 2012 901 2073 set
925 2059 945 2088 ,
998 2010 1245 2073 Sardes
1286 2008 1587 2092 spectato
1626 2018 1859 2071 vetere
1888 2005 2027 2068 hoc
2065 2005 2333 2089 Lydiae

805 2104 976 2171 statu
1008 2106 1143 2169 dici
1180 2097 1467 2189 potuiss‘e
1518 2100 1930 2187 metropolin
1971 2100 2329 2181 Hellados,

807 2223 1058 2288 nempe
1090 2199 1448 2263 Asiaticae.
1547 2202 1641 2262 At
1672 2218 1807 2262 non
1842 2198 2144 2276 credam,
2179 2197 2332 2261 Sar-

813 2301 1058 2363 dianos
1079 2309 1391 2359 veterem
1417 2296 1596 2357 hunc
1628 2294 1812 2358 suum
1835 2341 1855 2372 ,
1894 2307 1963 2357 et
1980 2314 2118 2356 non
2139 2314 2333 2378 prae-

808 2395 1063 2457 sentem
1100 2390 1336 2452 statum
1366 2387 1718 2472 respexiss'e
1740 2435 1759 2464 ,
1814 2403 1883 2450 et
1918 2385 2188 2451 videtur
2221 2409 2334 2451 ve-

808 2486 1142 2552 risimilius
1167 2531 1192 2562 ‚
1226 2485 1363 2547 dici
1386 2483 1800 2567 metropolin
1823 2482 2155 2546 Hellados
2180 2503 2333 2568 pro·

809 2597 963 2670 pter
1018 2571 1481 2644 inhabitantes
1534 2577 1763 2642 Asiam
1814 2576 2118 2642 Graecos
2141 2626 2161 2657 ‚
2219 2584 2337 2663 qui

805 2659 1073 2763 Εληνεξ
1101 2676 1520 2740 dicebantur.
1572 2674 1684 2739 Sic
1720 2687 1787 2738 et
1818 2673 2145 2761 Augustus
2190 2695 2332 2739 om-

803 2798 922 2842 nes
945 2824 964 2855 ‚
1021 2777 1136 2859 qui
1177 2793 1299 2857 per
1335 2773 1559 2863 Asiam
1600 2784 1668 2836 et
1701 2773 2101 2856 Bithyniam
2136 2773 2330 2837 habi-

744 2906 753 2917 ·
803 2888 1082 2949 tante,
1134 2883 1203 2934 et
1236 2871 1533 2934 Romani
1569 2890 1707 2933 non
1759 2883 1993 2946 erant,
2046 2872 2333 2934 vocavit

805 2972 1076 3048 Εληνας
1095 3012 1115 3043 ,
1143 2964 1481 3027 referente
1503 2965 1751 3026 Dione.
1787 2961 1849 3043 b)
1901 2964 2097 3026 Teste
2120 2965 2329 3047 Apol-

802 3064 1100 3137 lodoro,
1174 3077 1373 3139 quem
1424 3058 1730 3120 advocat
1778 3057 2333 3141 Etymologicum

810 3158 913 3222 Μ.
937 3201 957 3230 ,
989 3153 1052 3235 ⁶)
1127 3155 1413 3228 Λτταλος
1451 3150 1519 3212 ἐκ
1556 3170 1677 3213 των
1726 3150 2062 3229 Eli-amciter
2099 3156 2335 3217 πολεων

810 3237 1132 3329 ὂικητοράς
1171 3264 1529 3321 συναγαγων
1563 3244 1758 3309 ἔκτισε
1792 3247 1998 3323 πολιν,
2046 3266 2151 3309 και
2190 3240 2336 3311 dvo..

812 3362 1005 3431 μασεν
1055 3343 1471 3422 Εληνοπσλιν.
1568 3340 1837 3407 Attalus
1886 3340 2202 3408 conductis
2254 3365 2336 3411 ex

807 3438 1074 3509 urbibus
1125 3438 1385 3504 Grascis
1422 3430 1891 3505 habitatoribus
1926 3438 2145 3505 urbem
2190 3462 2336 3506 con·

809 3538 975 3608 didit
995 3587 1015 3617 ‚
1068 3554 1317 3621 eamque
1366 3534 1781 3619 Hellenopotin
1827 3540 2095 3601 vocavit.
2195 3542 2331 3624 Ap·

804 3637 1053 3724 pianas
1130 3651 1338 3716 agens
1395 3631 1480 3696 de
1539 3644 1877 3694 conventu
1917 3633 2334 3715 'provinciae

809 3730 1008 3796 Asiae
1043 3749 1088 3790 a
1108 3728 1208 3789 M.
1241 3725 1541 3787 Antonio
1571 3724 1811 3807 Ephesi
1832 3725 2074 3790 habito
2105 3728 2237 3790 ait:
2270 3724 2334 3813 d)

811 3844 917 3901 rec
948 3816 1021 3885 ’δε
1049 3823 1316 3901 Eanum,-
1347 3840 1452 3883 και
1492 3811 1608 3884 ὅσα
1643 3823 1788 3883 αλια
1828 3821 1969 3902 ism]
2014 3843 2121 3905 την
2169 3815 2336 3905 ἀμφι

811 3940 884 3985 το
917 3921 1242 4005 Περγαμον
1275 3921 1471 3981 Amr
1509 3935 1818 3997 νεμονται,
1860 3939 1928 4003 ἢκ.
1960 3938 2013 3981 τ.
2047 3923 2110 3984 λ.
2182 3918 2335 3983 Hel..

808 4016 982 4081 lenas
1031 4035 1179 4080 vero
1194 4058 1215 4090 ,
1264 4023 1325 4077 et
1355 4031 1747 4099 quaecunque
1777 4013 1940 4080 aliae
1960 4024 2183 4098 gentes
2230 4019 2331 4080 vi-

807 4116 1012 4178 cinam
1046 4113 1364 4194 Pergamo
1403 4100 1626 4199 Asiam
1663 4109 2022 4184 inhabitant
2049 4121 2160 4180 etc.
2209 4114 2331 4177 Di-

809 4208 988 4273 vidit
1037 4226 1197 4291 ergo
1244 4204 1504 4269 incolas
1561 4209 1958 4290 provinciae
2006 4208 2203 4273 Aliae
2260 4212 2330 4272 in

814 4300 1120 4368 Graecos
1158 4301 1571 4365 adventitios
1593 4348 1612 4377 ,
1658 4303 1960 4385 Εληνας,
2013 4315 2083 4366 et
2109 4305 2322 4382 alios,

2155 549 2624 639 LYDIA.

2430 781 2565 846 quo
2605 757 2876 838 nomine
2929 751 3116 824 haud
3163 750 3370 822 dubie
3403 756 3738 845 intelligit
3777 771 3965 826 vete-

2425 878 2533 922 res
2578 877 2811 921 earum
2847 856 3200 941 regionum
3227 855 3605 940 indigenae.
3656 858 3758 920 Et
3789 878 3961 921 vero

2425 956 2542 1018 diu
2581 955 2651 1016 in
2689 973 2774 1016 eo
2813 964 3033 1015 tractu
3071 952 3346 1015 duravit
3386 953 3664 1033 Εληνων
3715 953 3957 1039 appel-

2423 1050 2591 1114 latio
2613 1047 2769 1112 teste
2789 1046 3069 1133 epistola
3089 1048 3466 1111 Alexandri
3483 1047 3749 1126 Severi,
3774 1070 3954 1133 quae

2423 1147 2700 1232 incipit:
2752 1150 3164 1230 Αυτοκρατωρ
3203 1144 3584 1232 Αλεξανδρος
3623 1166 3734 1250 ηρ.
3761 1165 3950 1225 atomo

2423 1262 2545 1309 των
2573 1243 2634 1306 ἐν
2670 1241 2928 1320 Βιθυνιᾳ
2964 1242 3257 1321 Eli-mour.
3290 1239 3352 1324 ο)

2523 1336 2840 1401 Ceterum
2879 1355 3016 1399 non
3056 1356 3472 1421 magnopere
3504 1334 3947 1416 laboremus,

2425 1454 2514 1497 an
2555 1433 2872 1497 Sardiani
2914 1452 3075 1496 vere
3123 1432 3208 1494 de
3259 1432 3323 1495 se
3368 1432 3497 1496 hos
3549 1434 3794 1496 titulos
3823 1454 3944 1518 po·

2423 1532 2674 1592 tuerint
2728 1529 3167 1613 praedicare,
3235 1527 3353 1591 nisi
3401 1528 3614 1591 etiam
3654 1529 3941 1596 velimus

2425 1627 2494 1688 in
2527 1630 2628 1705 jus
2667 1643 2919 1687 vocare
2959 1623 3399 1700 Nicaeenses,
3452 1626 3570 1707 qui
3613 1624 3678 1688 se
3724 1631 3936 1708 Δριςυς

2426 1723 2692 1799 Μενιςες
2723 1722 2794 1782 in
2839 1724 3061 1784 numia
3096 1720 3574 1805 appellavere,
3628 1741 3808 1804 quae
3842 1720 3937 1785 fu·

2430 1829 2625 1879 erent
2673 1817 2865 1904 unius
2916 1818 3106 1880 Iovis
3151 1816 3489 1901 epitheta,
3544 1829 3620 1879 ut
3652 1818 3797 1880 alia
3839 1838 3937 1881 ur-

2428 1912 2618 1975 bium
2639 1910 3085 1976 Astaticarum
3113 1913 3554 1997 arrogantiae
3567 1933 3933 1998 ‘argumen-

2428 2021 2502 2071 ta
2533 2009 2786 2071 circum
2838 2029 2992 2072 eam
3043 2020 3380 2085 aetatem,
3432 2009 3751 2072 nimirum
3789 2012 3934 2072 Per-

2429 2106 2647 2189 garni,
2701 2103 2980 2188 Ephesi,
3020 2105 3399 2187 Smyrnae,
3433 2116 3728 2184 taceam,
3768 2126 3932 2189 quae

2427 2201 2709 2285 perinde
2749 2219 2902 2263 cum
2946 2199 3220 2265 historia
3254 2220 3425 2266 vera
3471 2203 3792 2286 componi
3822 2204 3936 2266 vix

2429 2297 2713 2381 possunt.
2811 2297 3214 2360 Permisere·
3247 2297 3548 2359 Rotnani
3595 2297 3935 2360 Graeculis

2429 2381 2737 2476 privatas
2791 2392 2916 2454 has
2955 2394 3043 2455 de
3087 2392 3491 2477 singulorum
3549 2392 3936 2456 excellentia

2431 2488 2896 2550 contentiones
2932 2535 2953 2564 ‚
3022 2490 3265 2570 quibus
3323 2508 3449 2572 per
3504 2489 3935 2553 ambitionem

2427 2583 2714 2646 immersi
2766 2585 3157 2647 omitterent
3210 2583 3273 2647 se
3321 2586 3610 2669 negotiis
3658 2585 3935 2670 publicis

2427 2680 2724 2743 miscere.
2827 2678 3016 2744 Infra
3054 2681 3439 2744 videbimus
3479 2729 3500 2759 ,
3554 2681 3937 2744 Trallianos

2427 2777 2490 2840 se
2530 2796 2800 2861 quoque
2849 2778 2920 2839 in
2966 2779 3185 2841 nuruis
3236 2777 3466 2840 dixisse
3501 2778 3936 2845 nPnTorC.

2427 2874 2882 2950 ΕΛΛΑΔΟΕ,
2937 2874 3121 2938 nullo
3173 2887 3354 2938 certe
3401 2874 3539 2936 alio
3586 2877 3773 2954 jure,
3827 2874 3940 2938 nifi

2429 2972 2612 3051 quod
2649 2969 2865 3032 libido
2900 2970 3028 3033 sese
3064 2991 3233 3055 prae
3267 2971 3421 3034 aliis
3449 2962 3939 3055 efferendi‘sug·

2429 3063 2645 3147 gessit,
2755 3065 2928 3127 Vide
2963 3066 3190 3151 plures
3227 3068 3402 3131 alias
3435 3067 3849 3144 conjecturas
3894 3086 3945 3129 a

2430 3157 2846 3243 Spanhemio
2879 3163 2985 3226 ad.
3012 3164 3493 3248 explicandam
3543 3160 3942 3247 singularem

2428 3254 2609 3318 hanc
2645 3256 3062 3342 epigraphen
3098 3259 3500 3345 propositas.
3540 3251 3597 3339 f)
3673 3250 3678 3254 ’
3713 3332 3726 3347 .

3172 3356 3201 3387 ἡ

2993 3404 3024 3437 ἢ
3352 3407 3384 3440 *²

2535 3448 2932 3515 Nemo-atus
2973 3452 3268 3535 primum
3326 3464 3681 3536 comparet
3719 3453 3786 3515 in
3813 3472 3930 3517 nu-

2427 3564 2543 3608 mo
2564 3543 2865 3609 Antinoi:
2886 3548 2933 3613 C
2943 3549 3412 3613 ΑΡΔΙΛΝΩΝ.
3431 3549 3926 3615 ΝΕΩΚΟΡΩΝ.

2431 3638 2702 3719 (Vaill.)
2789 3642 2868 3704 In
2923 3645 3141 3707 numis
3177 3644 3442 3708 Severi:
3485 3649 3562 3719 Β.
3609 3646 3928 3710 Nemm-

2428 3737 2626 3799 ΡΩΝ.
2653 3734 2925 3820 (Vaill.)
2964 3738 3366 3803 Caracallae
3385 3743 3452 3804 B.
3480 3742 3551 3802 Γ.
3575 3743 3690 3804 vel
3709 3740 3925 3805 TPlC.

2431 3831 2930 3897 ΝΕΩΚΟΡΩΝ.
2979 3834 3246 3918 (Vaill.)
3285 3837 3628 3922 Deinceps
3668 3837 3778 3901 lex
3809 3856 3920 3899 va·

2430 3926 2565 3988 riat
2594 3971 2614 4002 ‚
2662 3929 2920 3991 namin
2965 3934 3183 3995 numis
3226 3930 3589 4016 Elagabali
3626 3933 3923 3996 scribitur

2429 4023 2498 4084 B.
2535 4034 2600 4083 et
2621 4024 2690 4084 Γ.
2714 4024 2954 4106 (Vaill.
2991 4028 3280 4090 Pellerin
3323 4028 3558 4112 Suppl.
3581 4030 3667 4095 11.
3691 4026 3926 4113 p.30.)

2424 4116 2799 4180 Alexandri
2831 4124 2899 4185 Β.
2944 4121 3274 4187 Gordiani
3320 4126 3387 4189 B.
3442 4137 3510 4186 et
3544 4128 3614 4188 Γ.
3718 4127 3926 4188 Tran-

2425 4212 2748 4294 quillinae
2787 4227 2856 4278 et
2891 4218 3190 4304 Philippi
3230 4223 3341 4296 Γ.,
3391 4222 3462 4284 in
3520 4221 3818 4285 Otacilia
3863 4231 3932 4283 et

2423 4306 2740 4374 Gallieno
2789 4314 2836 4375 B
2864 4360 2885 4393 ,
2935 4313 3004 4376 in
3043 4316 3371 4380 Salonina
3413 4320 3484 4380 Γ.
3586 4319 3694 4382 Ex
3729 4325 3931 4380 nu‘mo

804 4464 3944 4501 Q

884 4554 942 4617 a)
979 4551 1179 4604 Gruter
1210 4551 1431 4622 p,‘464,
1470 4570 1520 4620 7.
1690 4548 1752 4615 b)
1787 4552 1855 4612 L,
1891 4552 1987 4613 LI,
2025 4556 2078 4622 §.
2120 4570 2202 4608 πο.

2361 4523 2365 4526 ⁴
2397 4552 2446 4627 ο)
2481 4562 2537 4611 in
2575 4547 2994 4636 Εληνοπολις.

1988 4632 2031 4700 1)
2070 4633 2238 4699 Tom.
2275 4634 2322 4697 1.
2355 4654 2415 4710 p.
2451 4638 2577 4705 618,

3188 4567 3246 4638 d)
3285 4569 3427 4632 Bell.
3464 4575 3567 4631 civ.
3605 4572 3758 4631 L.V.
3799 4591 3843 4629 e.
3879 4586 3932 4638 4.
