4125 5500
1189 747 1864 818 RHESAENA.

874 940 1206 1008 Gordiani
1235 943 1319 1006 de
1349 942 1559 1007 Persis
1589 944 1886 1007 victoria
1917 943 2189 1009 nobilis.

1209 1139 1801 1221 Imperatoris·
1835 1163 1874 1200 .··

1796 546 2851 628 MESOPo-TAMIA.

2360 755 2448 820 ad
2479 774 2662 820 aram
2680 753 3039 841 sacrificant
3060 797 3080 828 ,
3130 752 3198 815 in
3236 769 3387 815 area
3403 748 3679 835 superne
3713 757 3901 838 aqui:-

2366 850 2429 915 la
2449 897 2475 928 ‚
2518 850 2657 915 hinc
2685 859 3042 935 tropaeum,
3088 848 3246 913 illinc
3285 847 3640 913 Centaurus
3678 869 3893 914 arcam

2367 947 2659 1026 tendens,
2708 946 2929 1009 Decii.
2983 939 3263 1029 (vain.)

2466 1044 2572 1105 De
2608 1039 2947 1104 Centauro
2981 1041 3140 1102 vide
3186 1058 3353 1101 mox
3394 1039 3461 1100 in
3500 1039 3801 1123 Region.

2478 1138 2785 1221 Templum
2803 1184 2821 1213 ,
2872 1139 2938 1199 in
2970 1140 3144 1219 cujas
3182 1133 3361 1198 aditu
3394 1147 3623 1200 noctua
3647 1184 3669 1211 ,
3720 1133 3903 1218 iufra·

2356 1235 2601 1321 flavius
2651 1243 2951 1307 enatans,
3003 1232 3224 1294 Decii.
3278 1228 3556 1313 (Vaill.)
3634 1232 3714 1292 In
3757 1231 3893 1292 alio

805 1376 818 1387 ,
872 1326 1149 1392 Exstant
1219 1326 1620 1392 Caracallae
1691 1341 1982 1396 tantum.
2088 1328 2293 1413 (Mus.
2371 1349 2499 1417 pro
2584 1341 2844 1392 noctua
2907 1324 2995 1389 est
3082 1327 3321 1412 Aquila
3353 1373 3389 1404 ,.
3474 1325 3892 1395 Etruscillae..

784 1423 974 1489 Caes.
1029 1420 1376 1505 Pellerin.)

875 1520 1524 1586 PHCAchle.
1578 1519 1816 1586 Mulier
1851 1523 2001 1607 rupa·
2036 1520 2303 1607 insidens

779 1616 841 1682 d.
864 1617 1112 1703 spicas,
1161 1619 1232 1681 in
1265 1635 1417 1679 area
1455 1618 1529 1680 Γ.

876 1713 967 1774 Hi
1004 1712 1188 1773 numi
1211 1712 1655 1775 consentiente
1685 1712 1894 1774 etiam
1930 1713 2309 1776 Pellerinio·

2374 1421 2649 1511 (Vani.)

2468 1523 2655 1583 Iovis
2691 1531 2758 1582 et
2794 1518 3099 1583 Palladis
3123 1520 3377 1583 cultum
3404 1518 3475 1582 hi
3498 1519 3693 1582 numi
3710 1537 3892 1603 prae·

2374 1618 2626 1680 dicant.

2472 1715 2664 1798 Legio
2684 1739 2706 1777 .·
2754 1712 2947 1793 hujus
2978 1732 3145 1774 vera
3164 1710 3368 1773 lectio
3398 1710 3563 1772 talis
3588 1708 3715 1784 est,
3749 1728 3909 1770 nam.

778 1808 952 1872 inter
986 1806 1298 1871 coloniae
1334 1826 1573 1868 numos
1598 1806 1930 1869 referendi
1959 1828 2093 1870 non
2131 1808 2294 1884 sunt,
2377 1808 2617 1872 falsam
2669 1822 2736 1871 et
2784 1829 2997 1890 usque
3053 1809 3141 1869 ad
3190 1805 3538 1869 Pellerinii
3590 1818 3902 1889 tempora

771 1923 938 1965 nam
979 1905 1116 1981 eius
1160 1901 1482 1963 indiciam
1519 1901 1771 1964 nullum
1821 1921 2037 1984 neque
2079 1902 2296 1964 inseri·
2377 1908 2825 1969 inveteratam
2875 1924 3034 1966 mox
3072 1900 3592 1987 perstringemus
3620 1924 3640 1964 t

781 1999 1017 2082 ptione
1079 2015 1296 2080 neque
1349 2007 1520 2080 typo
1579 1995 1925 2081 praebent.
2067 1997 2299 2078 Quare

2476 1999 2679 2064 LEG.
2723 2000 2843 2065 ΠΙ.
2878 2000 2953 2061 Ρ.
2996 1999 3110 2060 vel
3156 1998 3462 2083 plenius:
3540 1990 3897 2058 LEG.111.

784 2091 933 2167 etsi,
987 2105 1061 2154 ut
1096 2091 1448 2156 verisimile
1487 2089 1610 2167 est,
1646 2112 1687 2153 a
1727 2090 1981 2155 Severo
2005 2095 2301 2155 deducta
2378 2098 2555 2165 PIA,
2610 2098 2677 2158 in
2703 2116 2907 2159 numo
2930 2094 3341 2158 Alexandri..
3381 2093 3715 2169 (Pellerin
3750 2089 3901 2154 Mel.

780 2186 946 2270 fuit,
983 2200 1210 2251 tamen
1243 2188 1311 2249 hi
1348 2183 1748 2250 caracallae
1777 2191 1963 2251 numi
1995 2210 2146 2252 eam
2187 2208 2296 2251 ae·
2382 2193 2440 2258 1.
2491 2215 2557 2278 p.
2590 2190 2805 2274 348.)

780 2296 992 2346 tatem
1042 2284 1478 2367 praecedunt.

804 2416 818 2425 -
878 2380 1029 2443 AE.
1084 2379 1282 2443 RRR.

877 2474 1174 2551 Colonia,
1222 2486 1293 2536 ut
1328 2475 1510 2552 dixi,
1565 2478 1858 2541 deducta
1906 2497 1949 2539 a
2000 2476 2293 2554 Severo,

781 2571 965 2653 quod
993 2571 1214 2655 arguit
1245 2590 1656 2653 praenomen
1684 2576 2022 2658 Septimiae
2051 2574 2298 2656 passim

779 2664 1082 2728 obvium.
1199 2667 1402 2729 Numi
1469 2668 1612 2732 sunt
1671 2669 2042 2733 Alexandri
2098 2670 2298 2747 Sev.,

784 2781 868 2824 ac
911 2763 1279 2849 praecipue
1313 2762 1700 2849 frequentes
1737 2765 1956 2829 Decii.

882 2858 1290 2943 Epigraphe:

880 2953 1538 3019 PHCAlNHCle.
1594 2949 2081 3040 saepe'absque
2115 2958 2303 3019 addi·

779 3059 854 3108 to
901 3049 1111 3111 KOA.
1139 3095 1158 3125 ,
1213 3049 1324 3110 sed
1380 3051 1531 3132 typi
1581 3051 1936 3112 coloniam·
1974 3064 2304 3136 arguunt,

779 3142 1096 3202 nimirum
1146 3143 1411 3207 Celonas
1445 3165 1682 3221 arans,
1736 3144 1850 3206 vel
1896 3147 2134 3210 addita
2179 3150 2301 3213 Le-

776 3238 930 3320 gio,
987 3257 1163 3319 quae
1212 3238 1496 3302 colonos
1530 3238 1896 3316 constituit,
1941 3241 2054 3303 vel
2095 3243 2309 3308 Vexil-

782 3333 907 3397 lum
944 3380 965 3411 ,
1031 3332 1146 3397 vel
1192 3334 1434 3420 Aquila
1484 3335 1769 3420 legionis
1825 3333 2126 3420 insigne,
2198 3338 2313 3402 vel

787 3428 1135 3496 Centaurus
1173 3451 1386 3495 arcum
1419 3436 1706 3512 tendens,
1757 3432 1841 3492 de
1886 3453 2019 3515 quo
2052 3432 2257 3497 infra.

888 3526 1073 3590 cen.
1122 3530 1333 3596 KOA.
1373 3528 2028 3594 PHCAINHCle.
2083 3530 2306 3594 inali-

787 3621 845 3686 is
889 3622 1157 3703 passim.
1611 3667 1618 3674 -

892 3716 1050 3797 Typi
1077 3741 1121 3779 .··

887 3810 1124 3873 Mulier
1157 3810 1459 3875 velata-et
1493 3815 1731 3878 turrita
1766 3815 2207 3903 rupi‘instdens
2243 3814 2308 3882 ds

791 3906 1066 3990 aquilam
1095 3954 1113 3984 ,
1171 3930 1297 3992 pro
1337 3907 1614 3994 pedibus
1660 3910 1900 3993 flavia}-
1947 3932 2263 3997 emergens
2284 3960 2304 3991 ,

789 4002 1198 4066 Alexandri(

801 4130 814 4140 ·
885 4098 1138 4182 Aquila
1162 4099 1447 4183 legionis
1474 4146 1493 4176 ,
1547 4112 1620 4161 ut
1645 4102 1827 4178 dixi,
1883 4100 2128 4186 insigne
2166 4102 2303 4186 ple·

784 4197 1168 4277 rumque·in
1207 4196 1314 4257 his
1344 4198 1560 4258 numis
1598 4197 2034 4282 conspicitur»,
2074 4198 2303 4260 saltem

788 4290 863 4354 in
901 4309 1064 4351 area
1098 4289 1474 4355 constituta»

892 4385 1126 4449 Genius
1165 4384 1347 4449 urbis
1389 4375 1664 4451 turritas
1710 4397 1770 4451 et
1833 4388 2040 4453 PaUas
2063 4389 2307 4475 stantes

863 4593 917 4658 a)
958 4592 1024 4645 L.
1059 4591 1182 4652 LY.
1218 4590 1420 4661 §.24-
1582 4593 1643 4662 b)
1678 4595 1744 4652 L.
1779 4596 1881 4650 Vl.
1921 4612 1972 4650 e.
2005 4595 2111 4648 16..

2479 2291 2783 2371 Vtraque
2836 2284 3223 2373 epigraphe·
3258 2298 3377 2347 aut
3432 2284 3647 2347 urbis·
3676 2283 3905 2346 titulos

2386 2385 2845 2464 consequitur,
2899 2395 3015 2444 aut
3048 2382 3293 2443 inserta
3327 2378 3413 2442 est
3448 2381 3764 2463 vexill0,
3802 2390 3909 2440 aut

2386 2479 2490 2542 bis
2525 2480 2837 2563 ponitur,
2878 2477 3075 2539 semel
3103 2476 3342 2538 addita
3382 2478 3577 2538 urbis
3618 2476 3905 2542 nomini.

2376 2578 2626 2639 iterum
2674 2575 2744 2635 i‘n
2795 2573 3071 2635 vexillo·
3112 2571 3520 2656 conspicua,
3594 2573 3667 2633 in
3712 2589 3906 2632 numo

2385 2670 2604 2733 Decii.
2661 2668 2974 2745 (Pellerin
3017 2667 3059 2729 1.
3087 2688 3140 2730 c.
3190 2668 3361 2728 Mus.
3405 2666 3645 2747 Caes.)
3698 2664 3917 2728 Dele-

2387 2769 2584 2851 gione
2620 2766 2785 2842 111„
2842 2785 3017 2849 quae
3063 2767 3128 2825 in
3172 2762 3691 2848 Mesopotamia
3731 2761 3910 2836 stetit,

2387 2864 2558 2925 haec
2594 2861 2774 2924 Dio:
2825 2868 2881 2933 ⁸)
2933 2862 3201 2924 Severus
3250 2859 3601 2924 Parthicas
3644 2862 3926 2944 primam.

2390 2969 2451 3022 et
2487 2957 2919 3022 TERTIAM
2952 2960 3019 3018 in
3061 2954 3515 3040 Mesopotamia
3562 2955 3907 3018 constituit.

2392 3055 2569 3116 Huic
2609 3073 2767 3137 ergo
2802 3053 3097 3136 legioni,
3150 3064 3269 3112 aut
3312 3054 3454 3127 ejus
3490 3050 3908 3135 parti-Seve-

2392 3169 2523 3211 rus·
2542 3150 2854 3211 coloniae
2899 3148 3211 3210 conditor
3251 3146 3693 3208 Rhesaenam
3737 3145 3909 3208 habi-

2394 3247 2676 3307 tandam
2719 3243 3126 3307 conoefferit.

2491 3339 2901 3403 Vaillantius
2946 3337 3356 3400 Centaurum
3406 3340 3477 3401 in
3534 3359 3709 3402 area
3767 3335 3913 3400 scul-

2391 3449 2581 3521 ptum
2638 3434 2999 3519 suspicatur
3046 3435 3531 3496 adnotandas
3574 3436 3625 3496 I.
3690 3448 3758 3496 et
3798 3432 3909 3496 111.

2390 3532 2689 3616 legiones
2722 3530 3116 3605 ParthicaS,
3166 3548 3348 3610 quae
3386 3528 3550 3591 teste
3596 3531 3823 3592 Dione
3852 3529 3911 3590 in

2395 3627 2899 3710 Mesopotamia
2931 3623 3211 3687 adfixae
3242 3622 3436 3686 fuere
3458 3672 3478 3701 ,
3529 3639 3599 3688 et
3639 3643 3915 3709 quarum

2394 3722 2641 3806 insigne
2686 3719 2875 3784 fuisse
2925 3721 3336 3782 Centaurum
3395 3723 3583 3782 numi
3632 3719 3914 3782 Gallieni

2396 3819 2660 3880 docent.
2764 3821 2855 3880 At
2897 3817 3070 3878 enim
3099 3815 3463 3877 secundum
3492 3819 3747 3879 citatos
3770 3813 3920 3878 Gal·

2392 3913 2553 3975 lieni
2588 3931 2825 3975 numos
2862 3911 3240 3973 Centaurus
3275 3931 3414 3973 non
3447 3912 3742 3996 legionis
3776 3912 3827 3972 I.
3862 3921 3923 3971 et

2394 4008 2511 4071 111.
2546 4056 2564 4086 ,
2622 4008 2731 4069 sed
2769 4009 2853 4070 11.
2898 4006 3261 4068 Parthicae
3305 4007 3555 4092 insigne
3588 4007 3744 4069 fuit.
3784 4007 3925 4067 Re·

2391 4107 2586 4189 perio
2639 4116 2865 4165 tamen
2918 4103 3100 4187 apud
3165 4114 3478 4180 veteres,
3532 4123 3672 4185 quo
3722 4114 3922 4183 typus

2387 4200 2612 4282 juvari
2672 4200 2897 4281 possit.
3033 4198 3285 4258 Narrat
3334 4198 3825 4273 Herodianus,
3864 4183 3923 4274 1’)

2398 4295 2860 4357 Alexandrum
2900 4293 3055 4357 Sev.
3095 4311 3441 4375 magnam.
3466 4296 3611 4357 vim
3660 4292 3915 4376 sagitta-

2393 4392 2691 4468 riorum,
2746 4410 2917 4474 quos
2976 4389 3193 4451 secum
3258 4408 3347 4449 ex
3399 4389 3684 4451 Oriente
3724 4387 3923 4449 addu-
