4125 5500
754 539 809 640 ,ι
821 573 915 660 56

738 825 747 834 .
868 770 1035 853 Typi
1075 759 1505 832 illustriores:
1566 797 1575 802 ·

761 981 922 1027 ram.

1954 556 2654 646 ‚PHRYGIA.

2379 768 2690 852 Templum
2712 767 2756 832 6
2781 762 3229 830 colnnmoeum.
3331 761 3443 826 Sic
3480 764 3886 831 Vaillantius

824 863 1082 950 Apollo
1096 861 1380 960 stolatus
1393 862 1580 943 stam·
1616 856 1683 926 d.-
1708 854 2054 943 plectrum,
2090 861 2148 948 s
2206 862 2291 942 {y-
2372 862 2464 926 in
2480 863 2722 926 Suillia
2773 881 3048 924 numum
3081 860 3260 923 hunc
3297 860 3489 923 velut
3545 863 3884 947 integerri-

2371 978 2558 1020 mum
2611 957 2978 1044 proponit,
3031 969 3104 1019 at
3137 955 3466 1041 Seguinus
3519 969 3590 1019 et
3641 958 3888 1024 Motel-

706 1115 717 1122 ,
855 1058 1141 1140 Typus
1166 1055 1279 1119 hic
1324 1051 1421 1117 est·
1462 1050 1827 1135 frequente,
1901 1043 1970 1114 ei
2020 1054 2292 1116 videtur
2370 1053 2499 1115 lius
2535 1064 2864 1137 tanquam
2898 1052 3185 1115 multum
3237 1071 3554 1116 mancum
3591 1054 3914 1139 spectata,

756 1154 893 1218 hoc
958 1171 1206 1216 numen
1285 1151 1475 1236 apud
1551 1147 2019 1233 Hierapolitas
2099 1147 2289 1212 fuisse

760 1248 1204 1335 praecipuum
1236 1293 1255 1324 ,
1310 1265 1472 1309 nam
1513 1246 1580 1307 in
1623 1263 1828 1308 numo
1870 1245 2289 1309 concordiae

761 1365 914 1408 cum
960 1342 1456 1427 Aphrodisiade
1519 1339 1805 1419 Cariae,
1885 1353 1953 1404 et
2019 1340 2286 1426 Epheso

761 1440 872 1503 hic
916 1439 1171 1522 Apollo
1224 1457 1352 1524 pro
1404 1435 1765 1520 Hierapoli
1817 1439 2244 1521 proponitur.

704 1589 715 1598 .
868 1523 1182 1618 Templum
1215 1533 1500 1619 elegans,

706 1663 711 1672 ·
755 1627 1001 1697 cutesd

761 1725 1107 1805 (Pellerin
1138 1726 1373 1813 Suppl.
1414 1727 1466 1789 Ι.
1520 1749 1587 1811 p.
1619 1746 1737 1808 37.
1758 1725 1792 1807 )

733 1869 741 1876 -
853 1822 1157 1890 Amazon
1194 1843 1422 1911 eques,
1474 1823 1573 1888 Μ.
1630 1822 1918 1888 Aurelii.
1968 1817 2284 1906 (Vaill.)

858 2015 1288 2105 Magistratus
1328 2016 1459 2080 fine
1527 2014 1872 2079 mentione
1922 2012 2291 2098 dignitatis

724 2113 1149 2197 ‘frequenter
1192 2113 1262 2175 in
1329 2111 1551 2178 numis
1599 2112 1979 2195 primorum
2047 2107 2288 2174 Caesa-

669 2207 721 2264 ‘1
760 2231 934 2277 rum.
1037 2209 1114 2273 In
1148 2227 1358 2282 numo
1410 2205 1734 2295 Augusti:
1782 2206 2283 2280 ΜΕΝΙΣΚΟΣ.

706 2367 721 2374 -
760 2307 1073 2374 ΔῙΦΙΛΙ.
1108 2308 1189 2369 T.
1234 2307 1388 2371 ΤΟ.
1431 2307 1505 2368 Γ.
1605 2301 2003 2378 Pellerinius
2076 2323 2145 2366 ro
2211 2305 2292 2372 T.

765 2387 997 2484 explet
1046 2403 1218 2478 Τιος.
1272 2419 1276 2423 Α
1319 2399 1693 2485 Singularis
1746 2398 2061 2462 numulus
2107 2402 2292 2484 apud

758 2492 1254 2581 seguinum:⁸)
1312 2497 1669 2561 ΦΑΒΙΟΣ.
1713 2499 1787 2560 Ο.
1845 2495 2289 2564 ΜΑΞΙΜΟΣ.

764 2592 971 2676 Caput
1002 2592 1278 2681 Augaessi
1312 2591 1564 2656 nudam.
1660 2598 1719 2665 x
1766 2591 2289 2658 ΙΕΡΑΠΟΛΕΙ-

765 2689 978 2754 ΤΩΝ.
1029 2689 1430 2757 ΤΡΤΦΩΝ.
1465 2688 1596 2779 fine
1626 2697 1795 2774 typo.
1895 2688 2135 2753 Lectio
2170 2709 2286 2753 an-

763 2787 944 2849 ticae
978 2787 1146 2850 mihi
1200 2785 1496 2873 oppido'
1528 2784 1867 2879 suspecta,
1932 2786 2138 2870 idque
2205 2804 2289 2849 eo

706 2944 719 2953 ,
764 2884 1021 2966 magis,
1105 2884 1293 2967 quod
1354 2881 1543 2944 aliud
1620 2899 1789 2949 non.
1838 2879 2171 2957 habemus
2220 2882 2290 2944 in

759 2990 1041 3041 moneta
1074 2976 1679 3061 'Hierapolitarum
1736 2974 2128 3057 exemplum
2193 2977 2288 3036 in-

708 3142 719 3151 ⁸
764 3072 996 3156 scripti
1032 3073 1103 3134 in
1137 3085 1424 3153 utraque
1452 3066 2289 3152 superficiemagistratuS.

856 3167 961 3229 M.
993 3166 1217 3231 Suillii
1250 3163 1571 3247 frequens
1597 3163 1849 3225 mentio
1885 3160 1962 3222 fit
2000 3162 2070 3223 in
2094 3162 2293 3246 hujus

762 3259 948 3323 urbis
991 3262 1263 3340 numiS‚
1317 3277 1489 3345 quos
1523 3260 1745 3342 juvat,
1798 3268 1874 3320 ut
1924 3256 2294 3345 descriptos

761 3358 1026 3443 reperi,
1080 3376 1509 3445 proponere:

867 3457 954 3518 M.
996 3454 1460 3521 ΣΥΙΛΛΙΟΣ.
1514 3449 2009 3516 ΑΝΤΙΟΧΟΣ.
2050 3451 2282 3521 IEPA-

765 3555 1061 3618 ΠΟΛΙΤ
1064 3553 1213 3617 ΩΝ.
1248 3547 1488 3634 Apollo
1516 3545 2039 3635 stolata-estam,
2091 3548 2298 3612 Tibe·

765 3650 874 3713 rii.
932 3647 1214 3732 (Vaill.)

865 3747 959 3806 M.
1000 3741 1465 3807 ΣτιΛΛιοΣ.
1533 3741 1940 3819 ANTroxo
1976 3775 1999 3788 -
2059 3722 2330 3804 ιΕΡΑ-“

764 3843 980 3906 ΠΟ·-
1054 3841 1265 3923 Typus
1317 3837 1519 3915 idem,
1613 3834 1906 3900 Claudii.
1993 3838 2019 3912 (
2047 3833 2295 3919 Seguin

760 3958 835 4024 p.
882 3932 1442 4000 101.Morellius
1492 3934 1561 3996 in
1610 3931 1919 4011 Suillia.)
1989 3930 2292 3996 Vaillan·

761 4031 897 4097 'tius
931 4034 999 4097 in
1028 4033 1222 4096 Fam.
1261 4029 1503 4093 Suillia
1540 4031 1611 4092 in
1665 4030 1911 4093 eodem
1954 4049 2162 4094 numo
2196 4030 2295 4093 le·-

767 4129 863 4213 git
908 4130 1237 4214 integrum
1290 4112 1945 4192 ANT10x62„·

866 4229 953 4302 Μ.
989 4222 1451 4289 ΣΤΙΛΛΙΟΣ.
1526 4223 2014 4303 ANTIOXOE.
2060 4224 2294 4288 lEPA·

766 4320 1273 4389 ΠΟΛΕΙΤΩΝ.
1311 4317 1506 4402 Caput
1573 4318 1981 4402 Agrippinae
2003 4319 2151 4403 jun.
2171 4317 2294 4405 sub

762 4421 967 4507 specie
999 4411 1299 4484 Bacchae.
1363 4421 1420 4491 ’,ε
1498 4415 2010 4482 APPlHHINH.
2092 4417 2293 4482 ΣΕΒ.

1553 1534 1625 1595 iu
1679 1533 1859 1618 cujus
1900 1530 2086 1598 aditu
2127 1532 2294 1597 Her-

954 1631 1018 1695 d.
1072 1632 1350 1708 clavam,
1401 1629 1464 1715 s.
1521 1629 1796 1718 hastam,
1868 1625 2294 1693 caracallae.

2374 1149 2765 1234 epigraphe.
2814 1148 2940 1233 (ll.
2991 1168 3086 1211 cc.
3122 1154 3145 1224 )
3277 1215 3282 1224 ¹

2469 1245 2931 1310 ΣΤΙΛΛΙΟΣ.
2984 1245 3476 1314 ANTIOXOT.
3531 1246 3887 1316 IEPAHO·

2375 1342 2692 1405 ΛΙΤΩΝ.
2761 1341 3063 1424 Bipennis
3108 1341 3392 1426 serpente
3453 1343 3839 1422 circamdat‘a
3867 1394 3888 1422 ‚

2375 1437 2446 1498 in
2477 1454 2684 1499 numo
2718 1436 3008 1500 Neronis
3057 1436 3280 1501 adhuc
3322 1436 3654 1504 Caesaris.
3709 1441 3887 1521 (Pel-

2338 1530 2564 1608 lerin.
2584 1539 2664 1610 )

2477 1623 2783 1695 Observo
2823 1587 2978 1708 ante
3021 1603 3260 1693 omnia
3292 1631 3386 1698 ad
3449 1651 3732 1700 numum
3779 1633 3890 1715 L,

2368 1726 2729 1810 deceptum
2782 1727 3007 1790 videri
3036 1726 3531 1805 Vaillantium,
3586 1748 3742 1793 cum
3782 1734 3887 1795 Ti-

2367 1822 2631 1888 berium
2680 1823 2878 1887 nobis
2920 1843 3048 1908 pro
3102 1821 3397 1887 Claudio
3442 1827 3686 1903 daret,
3739 1847 3890 1891 nam

2374 1918 2692 2004 spectatis
2723 1921 3002 2007 reliquis
3035 1919 3352 1985 omnibus
3385 1921 3758 1987 fimissimus
3809 1924 3890 1990 est

2375 2014 2696 2099 sequenti,
2751 2037 2953 2100 quem
2989 2017 3127 2104 ipse
3157 2015 3568 2082 Vaillantius
3595 2012 3892 2097 subinde,

2371 2113 2604 2195 agnito
2642 2110 2832 2177 haud
2871 2112 3077 2178 dubie
3141 2132 3409 2193 errore,
3475 2134 3629 2179 cum
3671 2118 3892 2226 capite

2371 2201 2643 2269 Claudii
2677 2206 2855 2278 stitit.
2891 2197 2947 2286 ¹²)
3019 2209 3273 2274 Omnes
3334 2231 3492 2296 ergo
3561 2212 3636 2275 hi
3701 2214 3893 2290 numi

2355 2300 2525 2365 .ssati
2563 2303 2706 2367 sunt
2734 2306 3110 2391 imperante
3139 2304 3452 2383 Claudio,
3501 2307 3633 2390 ipse
3675 2310 3887 2372 etiam

2377 2396 2796 2483 postremuS,
2850 2404 3015 2486 quia
3054 2403 3399 2482 Neronem
3429 2404 3721 2476 nondum
3755 2407 3895 2488 Au-

2373 2491 2632 2582 gustum
2669 2494 2889 2560 offert.
2990 2497 3380 2582 Antiquarii
3433 2518 3667 2562 omnes
3719 2499 3898 2566 hunc

2374 2593 2473 2654 M.
2514 2590 2828 2656 Suillium
2857 2597 3036 2679 genti
3078 2593 3398 2672 Suilliae,
3455 2597 3539 2657 de
3584 2617 3724 2682 qua
3761 2579 3895 2660 Ta

2373 2689 2544 2753 citus
2600 2688 2800 2753 circa
2845 2690 2978 2754 hoc
3024 2710 3271 2755 aevum
3325 2693 3666 2771 meminit,
3743 2694 3901 2757 inse-

2371 2797 2553 2862 runt,
2604 2787 2878 2853 variant
2910 2800 3144 2853 tamen
3165 2788 3233 2849 in
3255 2786 3671 2869 definiendo,
3703 2810 3900 2874 quem

2376 2901 2463 2945 ex
2503 2882 2810 2966 pluribus
2841 2883 3098 2947 Suilliis
3128 2885 3317 2949 numi
3359 2884 3436 2946 hi
3474 2886 3676 2951 nobis
3731 2887 3896 2950 indi·

2317 3040 2332 3044 ,
2377 2990 2551 3040 cent.
2654 2977 3172 3065 Havercampus
3208 2991 3408 3063 putat
3433 2980 3563 3043 effe
3597 2983 3696 3046 M.
3732 2982 3902 3068 Suil-

2373 3069 2540 3131 lium
2585 3072 3097 3153 Nervilianum,
3172 3076 3289 3159 qui
3354 3076 3587 3145 consul
3625 3076 3750 3141 fuit
3811 3080 3892 3141 V.

2379 3164 2455 3228 C.
2493 3177 2680 3251 803„
2735 3168 2851 3252 qui
2885 3170 3064 3234 adeo
3100 3168 3336 3258 postea
3368 3173 3440 3236 in
3481 3174 3705 3239 Aliam
3739 3193 3897 3259 pro-

2381 3261 2649 3326 consule
2677 3263 2902 3327 miss'ue
2943 3267 3248 3345 videtur,
3301 3281 3374 3332 ut
3436 3272 3627 3333 numi
3680 3291 3762 3335 eo
3801 3274 3898 3352 ju-

2381 3357 2531 3421 dice
2570 3360 2839 3431 docent
2940 3363 3150 3426 Recte
3185 3364 3362 3429 haec
3405 3368 3728 3451 quidem,
3782 3386 3892 3428 ve

2378 3472 2531 3517 rum
2564 3474 2717 3518 cum
2752 3477 2839 3519 ex
2874 3455 3061 3522 fastis
3098 3442 3372 3541 constet,
3424 3464 3488 3526 ei
3529 3464 3630 3526 M.
3663 3462 3895 3543 Suillio

2315 3614 2324 3623 ,
2378 3548 2569 3614 fuiss'e
2625 3569 3026 3641 cognomen
3091 3555 3512 3643 Nerviliani,
3604 3559 3898 3645 (melius

2375 3646 2726 3727 Nerulini,
2784 3661 2857 3717 ut
2889 3651 3147 3713 docui
3126 3672 3196 3715 ιι]
3244 3656 3464 3717 numis
3513 3656 3894 3742 Smyrnae)

2382 3759 2500 3805 cur
2538 3743 2605 3806 in
2655 3764 2859 3808 numo
2904 3746 3151 3808 dicitur
3206 3753 3724 3818 ANT10x02?
3793 3754 3901 3814 An

2377 3858 2512 3901 non
2546 3839 2705 3903 satis
2736 3839 3040 3923 constat,
3089 3844 3230 3923 jam
3264 3845 3395 3910 hac
3427 3860 3658 3911 aetate
3694 3847 3897 3917 Grae·

2379 3952 2498 3997 cos
2534 3936 2783 4020 passim
2831 3936 3151 4015 Romana
3208 3940 3327 4005 fibi
3384 3944 3667 4007 nomina
3731 3945 3899 4009 indi-

2380 4030 2575 4093 diss'e.
2556 4034 2584 4076 ‘¹’
2638 4033 2825 4114 quod
2857 4032 3066 4118 ipsum
3089 4036 3482 4119 Smyrnaeis
3502 4038 3897 4123 exprobras-

2379 4125 2442 4188 se
2463 4128 2905 4215 Apollonium
2928 4131 3358 4213 Tyanensem
3383 4133 3657 4199 testatur
3673 4135 3894 4199 Philo-

2353 4218 2641 4289 stratus.
2696 4221 2756 4307 ⁰)
2881 4223 3088 4309 Quod
3152 4226 3196 4289 fi
3252 4229 3558 4310 dicatur,
3647 4251 3714 4297 ro
3791 4232 3897 4317 Μ.

2382 4296 2819 4387 ΣΥΙΛΛΙΟΣ
2869 4319 3171 4386 indicare
3220 4328 3740 4409 proconsulem,
3829 4339 3906 4389 et

2381 4415 2854 4483 ΑΝΤΙΟΧΟΣ
2913 4416 3369 4511 magistratum
3438 4420 3905 4511 Hierapolita-

839 4673 876 4710 ⁸
932 4671 1064 4733 Pag.
1102 4681 1189 4734 99.
1391 4665 1451 4735 b)
1487 4669 1546 4719 in
1579 4666 1741 4722 Fam.
1779 4665 1937 4733 Quill,

2130 4670 2180 4736 c)
2216 4670 2274 4722 in
2310 4668 2425 4736 ejus
2463 4669 2597 4749 Vita
2626 4669 2692 4724 L.
2738 4671 2840 4727 IV.
2879 4689 2926 4734 c,
2961 4690 3018 4744 5,
