4125 5500
570 2000 591 2009 ,
719 1944 1041 2014 Galatiae
1076 1949 1240 2034 regi.

728 590 870 670 186

722 790 937 856 Haeo
990 786 1396 875 compendio
1459 806 1561 851 ex·
1604 787 1904 852 Reinero
1970 787 2256 853 Reinec·

730 890 862 953 cio.
903 887 967 972 ⁸)
1522 938 1547 959 ι

812 983 921 1046 De
978 989 1326 1069 Amyntae
1384 984 1647 1059 numiS,
1703 986 1891 1065 cujus
1932 983 2078 1046 sunt
2120 996 2256 1047 tres

716 1077 1079 1165 postremi,
1147 1082 1509 1166 litigatum.
1608 1080 1747 1142 Eos
1801 1079 2256 1167 spanhemius

716 1176 959 1241 tribuit
1018 1182 1362 1261 Amyntae
1404 1177 1497 1241 11.
1550 1176 2009 1240 Macedoniae
2067 1177 2255 1261 regi,

720 1270 1100 1339 Alexandri
1126 1276 1213 1341 M.
1242 1293 1401 1336 avo.
1426 1261 1493 1355 1’)
1546 1276 1802 1336 Verum
1838 1273 2038 1356 hujus
2069 1276 2260 1335 numi

720 1368 889 1432 certi
950 1392 1189 1436 omnes
1222 1383 1292 1435 et
1329 1369 1528 1434 titulo
1563 1372 2024 1434 ΒΛΣΙΛΕΩΣ
2062 1367 2258 1434 absti-

717 1477 919 1545 nent,
975 1482 1044 1531 et
1087 1467 1346 1531 habent
1386 1465 1717 1529 Doricum
1778 1468 2096 1552 gignendi
2150 1488 2260 1530 ca·

718 1561 862 1625 sum
898 1566 1310 1631 AMTNTA.
1414 1563 1582 1625 Sunt
1597 1561 1804 1648 igitur
1834 1565 2021 1626 numi
2054 1564 2127 1627 hi
2160 1563 2258 1626 al·

716 1657 928 1724 terius
971 1664 1342 1744 Amyntae.
1443 1658 1704 1723 Numus
1740 1659 1792 1723 Ι.
1829 1671 2114 1745 propter
2147 1673 2256 1743 ty·

716 1772 847 1841 pos
877 1805 897 1833 ,
950 1759 1067 1841 qui
1112 1758 1322 1819 iidem
1370 1755 1515 1817 sunt
1544 1756 1615 1817 in
1656 1756 2255 1840 praecedentibnS,

713 1871 855 1914 non
890 1855 1121 1937 iniqne
1160 1864 1530 1938 propterea
1554 1851 1889 1914 tribuetur
1907 1857 2256 1935 Amyntae

1340 1948 1501 2010 Fuit
1529 1945 1642 2009 hic
1673 1949 2013 2030 Amyntas
2040 1948 2261 2011 scriba

717 2043 1035 2127 Dejotari
1084 2043 1405 2108 Galatiae
1464 2044 1683 2128 regis,
1752 2064 1799 2108 a
1848 2062 1986 2127 quo
2032 2045 2258 2107 misslis

719 2160 877 2205 cum
920 2141 1211 2207 auxilii&
1233 2141 1327 2204 ad
1356 2141 1643 2203 Brutum
1678 2152 1747 2203 et
1779 2137 2110 2218 Caspium,
2151 2140 2259 2203 his

719 2237 920 2304 victis
949 2242 1017 2303 in
1061 2238 1405 2302 victorum
1434 2248 1671 2321 partes
1693 2238 2038 2305 transivit.
2093 2238 2257 2301 Pro·

716 2337 997 2398 meritus
1043 2335 1248 2420 igitur
1303 2333 1395 2397 ab
1457 2334 1800 2413 Antonio,
1851 2345 1929 2396 ut
1978 2346 2251 2397 mortuo

720 2432 1054 2513 Deiotaro
1100 2428 1423 2494 Galatiae
1459 2431 1775 2516 princeps
1820 2430 2063 2493 addita
2117 2431 2252 2515 Ly·

720 2530 1011 2593 caoniae
1059 2539 1128 2591 et
1174 2525 1634 2610 Pamphyliae
1669 2529 2252 2613 parte,·denique

721 2626 930 2689 etiam
969 2624 1160 2710 regio
1200 2623 1439 2699 titulo,
1493 2622 1849 2687 diceretur.
1952 2624 2029 2687 In
2069 2623 2252 2687 bello

724 2721 914 2786 civili
966 2732 1197 2810 partes
1230 2770 1255 2799 ,
1321 2732 1394 2784 ut
1445 2732 1850 2805 oportuerat
1887 2769 1907 2798 ,
1978 2722 2264 2786 Antonii

720 2818 979 2884 secutus
1000 2816 1143 2906 post
1161 2818 1429 2886 cladem
1451 2819 1544 2881 ad
1568 2820 1845 2883 Actium
1867 2819 2262 2883 Octaviano

594 2983 608 2998 ,
726 2915 1075 2984 confestim
1126 2915 1255 2978 sese
1304 2913 1659 2998 applicuit.
1778 2916 2067 2998 Aliquot
2119 2913 2264 3000 post

734 3018 927 3084 annis
974 3011 1222 3077 fraude
1264 3007 1583 3074 muliebri
1632 3012 1831 3096 perit.
1928 3009 2127 3075 Haec
2177 3031 2264 3075 ex

1804 576 2805 661 CAPPADOCIA.

2335 784 2726 850 Reineccio.
2826 778 3138 864 Amynta
3205 795 3481 847 mortuo
3547 780 3883 869 Augustus

2337 902 2619 968 regnum
2669 884 2810 962 ejus
2851 876 3006 941 filiis
3057 899 3194 942 non
3244 880 3471 959 dedit,
3524 878 3641 942 sed
3697 878 3886 946 circa

2339 998 2592 1042 annum
2629 978 2712 1042 V.
2765 974 2842 1039 C.
2889 994 3054 1058 729.
3107 976 3280 1040 illud
3325 979 3396 1040 in
3445 977 3882 1065 provinciam

2336 1076 2639 1163 redegit,
2694 1088 2763 1138 et
2805 1070 3040 1159 postea
3069 1072 3352 1138 Galatia
3387 1096 3543 1139 cum
3589 1079 3876 1145 attribu-

2337 1186 2412 1236 ta
2451 1185 2650 1258 parte
2691 1168 3148 1255 Pamphyliae
3180 1185 3250 1235 et
3291 1173 3698 1255 Lycaoniae
3745 1178 3880 1240 Ro·

2339 1288 2618 1333 manum
2683 1265 2942 1333 habere
3013 1266 3441 1353 praefectum
3513 1273 3768 1358 coepit.
3818 1274 3880 1358 ε)

2339 1367 2609 1429 Primus
2646 1366 2782 1433 huc
2815 1383 2969 1427 cum
3005 1362 3338 1451 potestate
3359 1366 3597 1433 'miss’ns
3623 1368 3880 1438 fuitM.

2342 1462 2607 1525 Lollius
2625 1510 2643 1537 ‚
2671 1464 2757 1526 de
2791 1479 2928 1546 quo
2961 1463 3124 1525 vide
3153 1462 3362 1546 plura
3376 1465 3446 1526 in
3471 1468 3696 1532 numis
3719 1464 3894 1557 gen(

2340 1561 2428 1622 tis
2472 1558 2762 1623 Lolliae.
2833 1557 3169 1621 Filiorum
3198 1560 3483 1623 nomina
3517 1583 3564 1625 a
3601 1564 3876 1654 scripto.

2335 1654 2525 1720 ribus
2590 1674 2728 1720 non
2789 1655 3188 1742 produntur.
3317 1656 3578 1722 Eorum
3649 1675 3876 1728 tamen

2339 1772 2546 1816 unum
2577 1763 2936 1815 ·memorat
2979 1753 3339 1817 laudatum
3383 1754 3652 1842 saepius
3697 1782 3872 1826 mar·

2338 1869 2493 1912 mor
2549 1851 2990 1931 Ancyranum
3037 1848 3158 1912 nib
3219 1849 3509 1915 Tiberio
3552 1855 3876 1940 pofitnm·

2338 1945 2974 2010 ΠΤΛΛΙΜΕΝΗΣ.
3036 1946 3527 2018 ΒΑΣΙΛΕΩΣ.
3589 1954 3878 2020 AMTN-

2339 2044 2556 2108 ΤΟΤ.
2578 2042 2794 2106 'mox
2827 2043 3050 2104 dictus
3082 2043 3263 2105 adeo
3291 2045 3694 2130 Pylon-em
3718 2073 3878 2137 qua.

2341 2157 2605 2223 cunque
2656 2136 2745 2199 de
2795 2136 2998 2202 eausa
3037 2159 3127 2202 ex
3156 2142 3430 2205 nomine
3469 2164 3705 2231 regum
3745 2150 3868 2213 Pa-

2337 2233 2780 2322 phlagoniae.
2882 2233 3057 2297 Cum
3109 2256 3313 2322 ergo,
3367 2253 3440 2303 ut
3493 2242 3678 2320 dixi,
3753 2266 3872 2309 nu-

2337 2352 2487 2396 mus
2525 2330 2716 2417 prior
2753 2333 3100 2414 Amyntae
3136 2333 3228 2395 ob
3266 2292 3678 2403 memoratas,
3704 2360 3878 2404 cau-r

2334 2429 2440 2493 sas
2472 2432 2820 2509 Amyntae
2865 2427 3162 2492 Galatae
3201 2430 3388 2494 haud
3424 2433 3622 2499 dubie
3651 2435 3730 2499 fit
3757 2430 3876 2500 'tri-

2336 2525 2695 2600 buendus,
2747 2525 3051 2605 ejusdem
3083 2530 3292 2590 etiam
3331 2545 3528 2594 erunt
3573 2533 3714 2596 duo
3763 2556 3877 2620 po·

2338 2620 2597 2701 (tremi,
2654 2621 2980 2705 quoniam
3035 2624 3339 2705 ejusdem
3397 2631 3687 2693 rationis
3745 2633 3872 2716 epi-

2345 2720 2654 2808 graphen
2686 2715 3004 2783 offerunt.
3105 2720 3213 2784 De
3233 2742 3443 2788 numo
3481 2725 3703 2792 altero
3730 2751 3872 2793 cum

2349 2830 2525 2903 typo
2564 2816 2750 2882 cervi
2800 2817 3041 2879 notavi
3078 2816 3359 2903 aliqua
3339 2842 3410 2884 ιιι
3436 2828 3661 2890 numis
3687 2829 3870 2891 Moa-

2350 2927 2552 3001 getae
2589 2913 2768 3002 regis
2811 2910 3112 2999 Cibyrae
3151 2915 3524 3005 Phrygiae.

1718 3443 2905 3569 CAPPADOGIA

736 3841 1237 3953 Autonomum
1296 3884 1504 3952 totius
1564 3888 1829 3973 gentis,
1878 3888 2272 3977 infcriptum
2351 3863 2646 3979 primum
2689 3896 3014 3977 Mazaca,
3070 3895 3314 3963 deinde
3349 3897 3616 3990 Enfibt‘n
3651 3920 3890 3987 aquo·

740 3989 1139 4053 ΚΑΠΠΑΔ.
1182 4007 1354 4051 unus
1408 3981 1719 4049 Goltzius
1764 3987 1971 4052 dedit.

860 4181 1425 4261 CAESAREA,
1480 4179 1629 4245 otim
1672 4171 2120 4253 EVSEBIA.

2353 3990 2514 4055 dam
2561 3995 2974 4075 Ariarathe,
3026 3996 3136 4059 seu
3201 3995 3714 4078 Ariobarzane,
3768 4002 3895 4085 qui

2349 4088 2630 4152 Eusebia
2661 4107 2910 4155 nomen
2948 4093 3215 4171 tulere,
3257 4094 3550 4176 denique
3588 4098 3896 4187 Caesarea

2351 4203 2399 4246 a
2433 4185 2768 4264 Tiberio,
2802 4201 2876 4251 ut
2898 4192 3047 4253 veri
3071 4189 3474 4254 fimillimum
3499 4191 3615 4270 est,
3650 4199 3898 4279 quam·

2351 4283 2458 4343 vis
2505 4281 2887 4348 diffundant
2919 4286 3176 4371 aliqui,
3211 4299 3284 4349 ut
3317 4289 3558 4353 videre
3589 4289 3680 4355 est
3702 4293 3902 4377 apud

840 4375 1017 4439 Sita
1034 4377 1127 4439 ad
1166 4377 1419 4480 pedem.
1444 4378 1695 4440 montis
1733 4378 2030 4463 Argaei,
2048 4377 2270 4441 ·dicta
2353 4375 2765 4459 Cellarium,
2819 4394 2888 4482 et
2944 4382 3331 4470 seguinum.
3365 4375 3430 4467 ἆ)
3503 4386 3904 4453 Constanti-

807 4607 1027 4672 >nst
1067 4605 1574 4679 111’11113

734 4674 1214 4751 p.m854.e.sq
1413 4625 2035 4749 ἀ)8εΙ.9ιιιι...ιιιΡ60

1860 4605 2470 4681 b)'1'0·m1··1›37⁸.

2660 4614 2710 4681 c)
2745 4612 2860 4668 Dio
2897 4614 2962 4670 L.
2998 4613 3154 4680 L111;
3193 4617 3244 4688 §0
3285 4621 3370 4680 26.
3408 4617 3612 4675 Strabo
3649 4621 3715 4675 L.
3745 4619 3906 4686 XII,
