4125 5500
1405 581 2195 683 -PHOENIQR

237 787 402 857 Istud
447 779 678 853 tamen
718 809 804 855 ex
830 788 1057 878 typis,
1111 800 1181 856 et
1224 778 1498 859 ‘adfictis
1549 780 1741 858 func·

231 884 526 955 tionibus
577 884 808 974 colligi
868 886 1082 977 potest
1104 937 1121 967 ‚
1206 887 1510 955 Graecos
1536 936 1556 970 ,
1627 889 1744 976 qui

232 985 492 1049 alienos
521 983 742 1047 cultus
775 1001 1012 1047 omnes
1064 982 1276 1052 facile
1313 987 1594 1052 civitate
1623 988 1742 1051 do-

223 1099 515 1158 navere,
566 1074 681 1144 fed
742 1100 826 1144 ne
876 1096 964 1147 ex
1014 1081 1239 1148 alieno
1308 1082 1511 1172 petiti
1555 1084 1741 1149 vide·

224 1190 501 1255 rentur,
554 1175 639 1241 lic
675 1173 931 1241 fabulis
969 1179 1365 1259 involvere,
1433 1190 1509 1245 ut
1557 1178 1746 1268 apud

222 1274 287 1339 se
318 1275 471 1339 nati
516 1273 944 1353 viderentur,
1020 1276 1150 1340 hos
1207 1279 1490 1364 inquam
1529 1274 1746 1343 Grae-

220 1389 339 1436 cos
379 1391 474 1437 ex
521 1368 627 1434 his
674 1367 946 1435 Cabiris
979 1372 1352 1439 Dioscuros
1407 1374 1562 1439 suos
1597 1371 1740 1438 for

219 1468 468 1545 malfe,
522 1484 681 1535 nam
732 1467 1062 1552 utrique,
1090 1482 1236 1534 tam
1275 1469 1512 1537 Cabiri
1533 1490 1745 1559 quam

215 1562 537 1631 Dioscuri
569 1560 711 1629 ficti
758 1561 951 1629 fuere
1007 1567 1514 1633 imminentibus
1557 1569 1741 1655 capi·

215 1660 273 1726 ti
316 1659 553 1739 astris,
607 1656 874 1747 utrique
911 1665 1398 1750 navigationis
1424 1677 1743 1732 auctores

216 1770 287 1824 et
304 1708 666 1845 praestita
677 1757 918 1824 habiti.
935 1759 1132 1825 Vnde
1151 1772 1223 1826 et
1239 1760 1443 1842 Caius
1461 1760 1745 1849 quidam

215 1855 478 1920 dicitur
535 1854 894 1920 ΙΕΡΕΤΣ.
945 1856 1221 1922 ΘΕΩΝ.
1275 1854 1744 1929 ΜΕΓΑΛΩΝ.

205 1948 764 2018 ΔΙΟΣΚΟΡΩΝ.
784 1952 1328 2039 ΚΑΒΕΙΡΩΝᾺ)
1356 1953 1585 2038 Quam
1603 1950 1744 2019 for·

210 2067 404 2113 mam
423 2047 724 2134 primum
745 2047 1124 2116 Phoenices
1166 2047 1436 2117 Cabiris
1458 2051 1588 2117 suis
1623 2051 1745 2117 ad-

208 2141 568 2223 duxerint,
583 2138 722 2209 non
737 2141 1004 2212 constat
1019 2145 1264 2220 ς-ΐαιίιιε
1288 2167 1442 2215 cum
1461 2144 1743 2214 Cabiro-

93 2277 97 2281 -
208 2248 392 2307 rum=
424 2241 632 2328 idem.
695 2237 903 2307 fuerit
955 2256 1244 2325 munus,
1330 2245 1518 2330 quod
1574 2245 1747 2309 inter

208 2336 533 2407 Graecos
560 2336 1085 2423 Dioscurorum,
1169 2341 1496 2407 videntur
1528 2341 1746 2405 Phoe-

203 2436 403 2503 nices
424 2484 452 2517 ,
504 2433 990 2524 ac'praecipue
1008 2432 1216 2503 senius
1237 2428 1744 2524 lldllenophoe-

202 2532 400 2599 nices
473 2531 763 2599 Cabiros
813 2532 964 2597 suos
1007 2544 1273 2598 retento
1331 2535 1560 2619 patrio
1622 2551 1745 2597 no·

207 2630 402 2693 mine
462 2626 952 2695 Dioscurorum
1009 2626 1250 2693 habitu
1274 2675 1297 2709 ‚
1388 2642 1458 2695 et
1515 2627 1748 2692 forma

203 2725 642 2813 proposuiffe
666 2772 686 2806 ,
733 2736 809 2789 ut
827 2743 915 2788 ex
938 2723 1160 2790 numis
1184 2771 1207 2805 ‚
1253 2725 1342 2790 de¹
1372 2723 1616 2813 quibus
1634 2723 1747 2790 hic

204 2825 459 2909 agitur
482 2868 501 2900 ‚
554 2820 711 2886 satis
750 2832 1063 2906 apparet.
1161 2822 1448 2909 Vtrique
1481 2819 1745 2909 praeci-

195 2939 351 3004 pue
415 2916 586 2982 culti
611 2915 713 2981 ab
766 2915 1082 2983 omnibus
1123 2917 1270 2996 iis,
1337 2916 1583 3005 quibus
1617 2936 1746 2982 ses

185 3015 581 3082 maritima
615 3013 812 3080 cordi
854 3010 1010 3079 fuit.
1113 3016 1330 3082 Avita
1361 3011 1547 3080 'haec
1600 3012 1748 3078 fue·

193 3123 320 3176 rat
370 3110 844 3176 Phoenicibus
886 3109 1167 3200 religio,
1221 3113 1526 3199 quorum
1554 3111 1747 3176 navi·

191 3207 433 3293 gandi
477 3202 757 3270 studium
774 3206 932 3271 inde
953 3226 1001 3272 a
1015 3235 1024 3242 ¹
1039 3208 1380 3296 principio
1403 3209 1748 3297 cognitum

181 3303 346 3380 ,fuit
381 3351 404 3383 ,
435 3304 993 3388 .neque.a1ia.de
1027 3305 1262 3371 cauta
1282 3304 1746 3371 Phocaeenses

196 3403 470 3467 Ioniae
511 3418 749 3466 eorum
787 3402 855 3464 in
887 3415 1167 3467 moneta
1203 3402 1320 3466 sua
1357 3401 1610 3474 cultum
1650 3412 1745 3464 te-

198 3497 524 3573 stantur,
580 3513 790 3580 quam
824 3500 1012 3583 quod
1052 3498 1212 3563 teste
1253 3498 1623 3565 Herodoto
1672 3497 1746 3561 hi

194 3593 425 3681 primi
472 3612 564 3655 ex
602 3589 884 3658 Graecis
908 3591 1100 3660 fuere
1121 3586 1156 3675 ,’
1193 3595 1311 3681 qui
1340 3595 1748 3683 longinquas

189 3690 710 3777 navigationes
758 3688 1208 3778 susceperunt.
1301 3691 1447 3757 -Ex
1503 3692 1748 3755 eadem

185 3792 299 3854 rei
353 3787 765 3853 maritimae
834 3787 1038 3852 causa
1086 3790 1234 3854 hos·
1266 3786 1381 3854 libi
1415 3799 1746 3877 patronos

189 3887 547 3973 delegere
573 3882 784 3947 ‘Ponti
832 3882 1080 3950 Euxini
1127 3885 1435 3951 accolae.
1575 3886 1749 3949 Vide

192 3983 481 4062 etiam,
544 3998 723 4063 quae
778 3980 862 4043 de
896 3977 1003 4043 his
1034 3982 1177 4046 alia
1212 3981 1635 4048 docebimus
1657 3981 1752 4046 ad

188 4071 559 4147 denarios
614 4073 900 4163 Sulpicii
963 4075 1166 4156 Rufi,·
1247 4098 1331 4144 ae
1380 4079 1751 4166 praecipue

187 4173 767 4241 dissertationem
803 4171 1090 4240 Freretii
1119 4162 1229 4258 ¹²).

295 4273 528 4340 Fecit
559 4267 914 4346 adulatio,
941 4279 1050 4335 ut
1069 4270 1323 4348 urbes,
1391 4287 1569 4356 quae
1619 4267 1751 4334 hos

184 4370 377 4440 deos
410 4369 498 4436 in
537 4365 782 4455 primis
824 4366 1214 4434 numinibus
1239 4365 1586 4445 hannem,
1638 4385 1751 4431 eo·

290 4695 355 4760 a)
403 4688 628 4746 Gruter
657 4708 713 4765 p.
748 4707 870 4763 3¹9-
913 4708 962 4752 ε,

1162 4687 1219 4759 b)
1260 4688 1327 4756 n,
1361 4689 1426 4746 L.
1460 4690 1811 4755 T.xxv11.
1849 4712 1910 4770 p.
1947 4712 2006 4764 9.

3221 598 3366 683 373

1831 810 1982 855 rum
2059 787 2343 855 nomina
2411 798 2482 853 et
2549 783 2889 852 attributa
2965 781 3368 859 Caesaribus

1829 888 2277 975 impertirent.
2380 890 2485 951 Ita
2532 882 3125 964 Lacedaemonii,
3211 907 3367 953 cum

1827 985 2261 1071 epigramma
2290 980 2573 1047 Aurelio
2621 991 2691 1043 et
2731 983 2917 1045 Vero
2945 981 3376 1064 dedicarent,

1827 1078 1917 1144 fic
1952 1082 2040 1145 de
2080 1082 2211 1145 iisz.
2286 1076 2571 1147 ΘΕΟΙΕ.
2635 1079 3161 1151 ΟΛΤΜΠΙΟΙΕ.
3230 1081 3371 1147 ΝΕ-

1825 1177 1999 1245 OIC.
2055 1171 2671 1245 Alocxo‘rl’olc.
2719 1169 2782 1256 ⁶)
2838 1174 2948 1237 Ex
2989 1175 3232 1239 eadem
3262 1196 3371 1240 ra·

1828 1273 2018 1339 tione
2061 1276 2135 1339 in
2170 1269 2635 1361 praesentibus
2672 1272 2898 1335 numis
2960 1273 3373 1353 Antoninus,
3426 1328 3435 1333 .

1827 1373 2151 1437 Aurelius
2173 1418 2193 1448 ‚
2232 1367 2682 1445 Commodus,
2725 1368 2989 1431 Annius
3026 1368 3375 1455 (ἶὙΡΙ-ΩΝτ

1831 1470 2261 1543 ΚΑΒΙΡΩΝ.
2300 1467 2575 1531 nomine
2606 1464 3135 1550 compellantur.
3188 1466 3377 1549 Quin

1829 1576 1902 1628 et
1933 1566 2002 1629 in
2037 1563 2332 1630 feminas
2372 1561 2672 1628 eundem
2722 1560 3113 1625 derivatum
3155 1563 3379 1629 hono-

1833 1680 1978 1729 rem
2021 1663 2379 1739 videmus,
2452 1669 2521 1723 et
2554 1668 2955 1742 utramque
2984 1655 3376 1724 Faustinam

1833 1758 1902 1822 in
1936 1748 2349 1855 Cabirarum
2395 1774 2777 1821 numerum
2796 1755 3077 1832 venire,
3154 1776 3378 1843 neque

1827 1856 2085 1937 injuria
2123 1852 2559 1929 istud3na1n
2591 1865 2659 1917 et
2694 1842 3144 1919 cabirbdasex
3180 1865 3381 1919 veto-

1835 1949 2025 2019 ribus
2066 1951 2245 2017 eruit
2285 1949 2720 2014 Pellerinius.

1934 2047 2074 2112 Cur
2100 2065 2271 2112 veto
2287 2046 2475 2113 numi
2507 2045 2581 2108 hi
2621 2045 2785 2112 huie
2822 2045 2945 2112 lint
2959 2048 3236 2137 Tripoli
3261 2050 3386 2115 tri·

1829 2144 2093 2209 &uendi
2118 2191 2137 2223 ,
2190 2143 2693 2229 inquirendum.
2798 2143 3181 2210 Verilimile
3228 2148 3381 2234 qui·

1833 2243 2257 2328 dem'primo
2294 2240 2522 2305 >videri
2558 2239 2814 2326 posset,
2887 2261 3009 2307 eos
3028 2243 3379 2327 fBery-tum

1835 2337 2241 2404 referendos
2262 2386 2284 2417 ,
2337 2338 2667 2422 quoniam
2698 2336 2875 2407 haee
2910 2337 3119 2418 urhe,
3169 2351 3247 2403 ut
3272 2339 3382 2404 di-

1836 2435 2108 2511 ximum,
2163 2436 2425 2499 donata
2450 2430 2583 2497 fuit
2617 2431 2891 2499 Cabiris
2914 2480 2935 2515 ,
2990 2447 3059 2501 et
3104 2454 3193 2499 ex
3232 2439 3383 2521 ejus

1835 2531 2062 2593 numia
2104 2528 2401 2606 constat,
2456 2529 2953 2595 Dioscurorum
2997 2532 3254 2595 cultum
3305 2534 3378 2597 in

1835 2644 1926 2688 ea
1959 2624 2127 2689 urbe
2175 2622 2629 2690 constitutum.
2666 2664 2674 2669 -
2751 2628 2840 2688 At
2906 2644 3062 2689 cum
3102 2647 3188 2692 ea
3221 2648 3267 2694 a
3310 2631 3375 2696 Ι.

1837 2718 2130 2785 Caesare
2172 2720 2470 2790 deducta
2502 2718 2713 2785 fuerit
2744 2720 3089 2802 colonia,
3119 2736 3192 2789 et
3212 2727 3380 2792 inde
3444 2769 3451 2776 -

1838 2814 1932 2882 ab
1980 2818 2117 2882 hoc
2148 2817 2269 2883 alii
2318 2819 2506 2881 numi
2536 2815 2663 2880 nist
2713 2833 2870 2881 cum
2908 2818 3223 2883 coloniae
3257 2841 3379 2886 no-

1836 2914 2021 2979 mine
2059 2914 2193 2979 cufi
2226 2932 2365 2977 non
2418 2912 2715 2994 fuerint,
2764 2917 2920 2999 jure
2963 2917 3187 3006 arguit
3231 2916 3383 2983 Pel

1837 3002 2169 3090 lei-inlus,
2230 3025 2516 3074 numos
2611 3011 3004 3096 praesentes
3072 3014 3193 3077 vix
3242 3013 3382 3080 huc

1838 3108 2022 3193 poss'e
2051 3109 2473 3194 pertinere.
2515 3109 2608 3171 At
2654 3128 2788 3202 pro
2841 3109 3243 3195 Tripoli-eo
3272 3114 3377 3197 ju.

1840 3204 1993 3268 dice
2023 3216 2333 3290 pugnant
2378 3204 2623 3268 causae
2683 3205 2918 3291 plures
2952 3252 2973 3284 ,
3057 3204 3380 3291 fabrica,

1835 3300 2083 3388 palma
2126 3300 2380 3378 arbor,
2472 3300 2965 3370 Dioscurorum
3037 3316 3248 3391 typus
3303 3308 3376 3374 in

1840 3402 1984 3480 ejus
2033 3397 2259 3462 numis
2317 3409 2729 3483 perpetuus,
2825 3418 3117 3484 quorum
3161 3404 3383 3470 cultus

1840 3491 1959 3557 sub
1990 3491 2401 3558 cabirorum
2446 3494 2716 3558 nomine
2754 3514 2798 3560 a
2847 3496 3077 3562 vicina
3120 3499 3382 3585 Beryto

1842 3590 1911 3654 in
1954 3588 2135 3654 hanc
2171 3583 2413 3654 urbem
2469 3585 2628 3655 duci
2679 3583 2889 3657 facile
2929 3596 3206 3678 potuit,
3298 3617 3384 3662 ac

1839 3697 2039 3751 tanto
2080 3686 2457 3772 proclivius
2507 3687 2657 3752 hic
2676 3685 2998 3768 stabiliri,
3091 3703 3245 3756 cum
3300 3713 3389 3759 en.

1842 3781 2004 3847 urbs
2039 3782 2211 3846 olim
2232 3802 2466 3868 aeque
2507 3804 2589 3849 ac
2624 3786 2836 3851 hodie
2879 3791 3388 3856 mercatoribus

1843 3877 2247 3959 constiterit,
2302 3900 2592 3966 quorum
2617 3901 3043 3969 magnopere
3096 3887 3390 3970 interest,

1841 3975 2090 4039 horum
2148 3973 2360 4063 'opem
2415 3979 2766 4042 numinum
2831 3971 2975 4044 fibi?
3038 3986 3399 4050 nauticam.

1843 4073 2317 4141 exercentibus
2352 4070 2617 4164 praesto
2661 4073 2815 4143 ess’e.

2514 4307 2529 4316 =
2590 4267 2631 4319 ς*

1875 4317 2327 4435 Ναυαξοιιιι.
2412 4322 2888 4436 ιἰ“ι>ιιιοιιι“ἰ“.
2989 4371 3175 4436 mr
3198 4370 3392 4442 Arx,

2194 4693 2243 4756 c)
2285 4691 2652 4763 Caylus·Rec.
2683 4690 2739 4748 d·
2779 4693 2913 4755 Ant.
2955 4694 3027 4750 Τ.
3060 4693 3134 4774 V?
3168 4705 3227 4768 p.
3253 4701 3387 4765 190,
