4125 5500
816 559 991 628 ·126

2173 554 2630 634 LYDIA.

846 773 921 826 at
952 759 1119 823 illud
1155 755 1366 843 potest
1395 761 1540 843 jure
1574 757 1923 843 difplicere
1957 805 1976 835 ,
2008 779 2053 822 a
2084 757 2166 822 cl.
2197 758 2350 822 viro
2437 758 2614 822 libus
2637 805 2657 836 ,
2737 770 2806 821 et
2865 757 3239 842 generatim
3298 755 3518 819 omnis
3581 756 3638 820 is
3708 768 3970 823 tractus

847 858 1051 920 etiam
1100 875 1342 918 numos
1397 855 1572 920 alios
1625 855 1771 918 solo
1825 856 2351 919 ΚΑΙΣΑΡΕΩΝ

838 953 1192 1038 inscriptos
1222 950 1410 1015 nulla
1436 964 1622 1014 certa
1638 950 1838 1014 causa
1868 950 2215 1013 Trallibus
2239 950 2351 1012 tri-

839 1045 992 1125 bui,
1044 1047 1326 1132 perinde
1367 1046 1550 1130 quafi
1594 1066 1731 1111 non
1782 1046 2063 1109 licuiss'et
2111 1044 2351 1109 Caesa·

835 1162 999 1206 reae
1027 1142 1396 1224 Bithyniae
1431 1141 1779 1206 officinam
1811 1144 1998 1227 apud
2028 1140 2092 1204 se
2127 1161 2352 1205 mone-

835 1239 1085 1301 tariam
1128 1234 1522 1300 constituere
1544 1284 1563 1314 ‚
1602 1251 1669 1301 et
1700 1240 1885 1321 quod
1923 1239 2218 1324 amplius
2242 1235 2354 1313 est,

838 1335 1027 1415 quod
1055 1334 1123 1395 in
1163 1333 1673 1397 Trallianorum
1708 1336 1914 1397 etiam
1940 1348 2219 1398 moneta
2234 1354 2354 1419 pu-

834 1439 937 1491 tet
972 1448 1214 1491 numos
1254 1446 1487 1491 omnes
1520 1429 1870 1514 inscriptos
1901 1432 2353 1496 ΟΥΗΙΔΙΟΣ.

836 1525 1246 1587 ΠΟΛΛΙΩΝ
1271 1570 1292 1602 ,
1371 1537 1439 1587 et
1506 1524 2082 1592 ΜΕΝΑΝΔΡΟΣ.
2150 1527 2352 1590 ΠΑΡ-

832 1618 1170 1683 ΡΑΣΙΟΤ
1239 1621 1476 1684 addito
1551 1622 2114 1699 ΚΑΙΣΑΡΕΩΝ,
2183 1640 2354 1704 quos

833 1712 1068 1777 hercle
1103 1717 1235 1797 uni⁸
1266 1716 1502 1781 deberi
1549 1716 1922 1792 Caesareae
1959 1718 2352 1801 Bithyniae,

812 1810 908 1872 .in
958 1809 1092 1874 hac
1148 1811 1441 1880 adfatim
1498 1813 2031 1899 disputavimus,
2098 1827 2242 1876 tum
2289 1824 2357 1874 et

830 1923 1114 1988 numum
1148 1908 1472 1974 Neronis:
1524 1907 2071 1975 ΚΑΙΣΛΡΕΩΝ.
2139 1911 2358 1993 Equus

805 2001 1140 2085 gradiens
1162 2050 1181 2079 ,
1230 2004 1300 2066 in
1335 2025 1469 2087 quo
1506 2017 1738 2070 tamen
1773 2005 2132 2091 legendum
2170 2007 2355 2069 ΚΑΙ-

833 2097 1222 2162 ΣΑΡΕΩΝ.
1260 2102 1715 2179 ΚΤΜΑΙΩΝ,
1748 2102 1911 2176 olim
1945 2097 2353 2165 demonstra'-

832 2191 933 2258 vi.
965 2194 1024 2274 ⁸)
1092 2194 1438 2260 Hactenus
1470 2198 1671 2282 igitur
1704 2210 1929 2262 certos
1960 2200 2024 2261 T
2028 2198 2352 2261 rallrano-

831 2307 983 2351 rum
1021 2310 1265 2355 numos
1313 2313 1450 2356 non
1499 2308 1665 2379 puto
1692 2342 1712 2371 ,
1764 2293 1881 2357 nifi
1917 2297 2029 2376 qui
2071 2296 2351 2358 TPAA·

831 2387 1179 2447 ΛΙΛΝΩΝ
1215 2389 1515 2463 addunt,
1564 2391 1841 2470 suntque
1875 2392 2253 2470 sequentes:

928 2480 1284 2546 ΠΤΘΙΟΕ.
1302 2481 1920 2550 ΤΡΛΛΛΙΛΝΩΝ.
1948 2483 2355 2571 Apollostans

828 2571 894 2638 d.
930 2594 1173 2640 ramum
1196 2623 1216 2653 ,
1244 2576 1300 2656 ΙΙ
1335 2577 1569 2661 lyram,
1625 2580 2028 2646 Domitiani.
2082 2582 2173 2659 (V
2175 2576 2351 2662 aiu.)

925 2673 1263 2738 ΠΤΘΙΟΕ
1296 2673 1584 2739 refertur
1615 2678 1706 2740 ad
1744 2677 2133 2764 Apollinem
2164 2723 2185 2755 ,
2239 2695 2349 2738 cu·

820 2769 927 2850 J'us
964 2767 1263 2835 honores
1300 2774 1484 2857 apud
1519 2773 1910 2841 Trallianos
1961 2774 2154 2838 fuiffe
2206 2773 2350 2836 exi·

824 2865 1042 2945 mios,
1090 2868 1494 2951 praedicant
1542 2860 1731 2933 numi
1771 2871 2162 2954 frequentes
2195 2889 2350 2933 cum

826 2962 1174 3023 mentione
1218 2961 1534 3027 ludorum
1573 2966 1976 3047 Pythiorum
2000 3013 2020 3045 ,
2090 2979 2234 3029 tum
2284 2977 2352 3026 et

831 3056 1023 3118 citati
1059 3060 1437 3123 autonomi.

923 3151 1168 3213 Mulier
1203 3149 1422 3234 fidens
1486 3151 1786 3219 volitante
1852 3155 2037 3241 peplo
2093 3153 2353 3240 paenam

830 3242 1026 3307 lactat
1044 3290 1063 3319 ,
1114 3247 1540 3334 circumsistunt
1579 3269 1713 3314 eam
1749 3260 1883 3315 tres
1915 3251 2200 3317 mulieres
2242 3273 2352 3317 ve·

828 3336 924 3403 lut
964 3338 1380 3423 tripudiantes
1418 3342 1616 3431 peplis
1656 3348 1930 3434 sinuatis
1956 3397 1976 3426 ,
2042 3358 2102 3413 et
2160 3368 2353 3414 manu

802 3435 1055 3522 sursum
1101 3436 1264 3503 elata
1312 3436 1584 3507 bacillum!
1640 3453 1906 3511 tenentes
1923 3496 1948 3532 ,
1998 3447 2348 3514 Antonini.

831 3531 1165 3617 (Haym.)

925 3629 1266 3712 Haymius
1316 3630 1751 3715 Corybantas
1788 3648 2022 3721 putat,
2078 3639 2192 3719 qui
2243 3640 2347 3703 Io-

824 3744 984 3786 vem
1038 3726 1418 3789 educavere
1441 3774 1460 3803 ,
1536 3728 1648 3792 sed
1719 3732 1994 3795 habitus
2055 3732 2347 3799 feminas

823 3817 960 3880 fine
998 3818 1210 3883 dubio
1253 3819 1443 3887 facit.
1544 3826 1785 3890 Verius
1835 3847 1996 3912 ergo
2047 3826 2349 3894 existimo

822 3912 1209 3998 propositas
1235 3917 1304 3979 in
1336 3917 1470 3981 hoc
1515 3940 1723 3986 numo
1754 3925 2110 4010 Nymphas
2139 3974 2158 4004 ,
2208 3928 2352 4010 qui-

822 4007 948 4073 bus
973 4014 1317 4077 nutriendi
1352 4015 1610 4081 Bacchi
1646 4040 1810 4084 cura
1840 4024 2168 4087 mandata
2195 4022 2349 4104 fuit,

821 4109 1011 4187 quod
1072 4128 1225 4172 cum
1272 4126 1623 4196 peractum
1677 4115 1922 4196 fuerit,
1987 4132 2061 4183 ut
2112 4134 2354 4185 auctor

831 4198 921 4265 est
962 4206 1426 4289 Apollodorus
1452 4256 1473 4284 ,
1504 4204 1567 4294 t’)
1619 4215 1804 4297 apud
1831 4215 2085 4298 Nysam
2117 4216 2351 4297 Aliae,

830 4317 1041 4382 quam
1062 4314 1205 4363 tum
1240 4324 1364 4366 eae
1394 4305 1759 4390 Nymphae
1782 4311 2152 4388 incoluere,
2177 4313 2351 4378 haec

825 4408 1057 4458 autem
1079 4395 1257 4479 Nysa
1279 4399 1651 4466 admodum
1671 4402 1875 4467 fuerit
1899 4407 2132 4470 vicina
2156 4409 2351 4474 Tral-

2441 866 2719 940 propter
2761 855 2903 916 vini
2947 852 3419 916 excellentiam
3436 853 3798 919 Bacchum
3841 876 3967 919 ma·

2441 952 2587 1035 gnis
2624 949 2698 1011 fit
2733 948 3106 1012 honoribus
3138 949 3568 1033 prosecutus,
3623 962 3704 1030 ut
3738 962 3816 1012 et
3859 971 3961 1016 nu·

2443 1048 2538 1108 mi
2568 1042 2887 1108 testantur
2910 1091 2931 1122 ,
2962 1044 3100 1127 ipse
3123 1064 3289 1107 vero
3329 1043 3640 1107 Bacchus
3664 1046 3739 1109 in
3769 1047 3960 1110 Tral-

2441 1142 2778 1204 lianorum
2802 1152 3078 1204 moneta
3095 1138 3486 1222 frequenter
3508 1152 3575 1202 et
3590 1144 3800 1205 vario
3837 1143 3958 1206 cul·

2442 1250 2516 1301 tu
2554 1248 2994 1322 compareat,
3041 1235 3229 1299 haud
3258 1234 3621 1300 difficulter
3651 1239 3958 1302 Bacchus

2444 1336 2622 1397 hunc
2657 1333 2776 1397 fibi
2813 1353 3091 1396 numum
3134 1330 3535 1395 vindicabit.
3631 1334 3884 1398 lovem
3923 1355 3958 1398 a

2445 1428 2955 1512 Corybantibus
3009 1429 3373 1492 educatum
3424 1428 3586 1491 vide
3629 1430 3704 1491 in
3742 1433 3954 1495 nuruis

2445 1526 2875 1604 Laodiceae,
2928 1536 2998 1588 et
3048 1526 3404 1608 Apameae
3447 1523 3793 1611 Phrygiae
3861 1548 3949 1592 ur·

2445 1622 2652 1685 bium.

2537 1719 2761 1785 Diana
2815 1718 3113 1805 Lucifera
3178 1726 3357 1784 vecta
3424 1719 3624 1782 citato
3677 1721 3862 1807 unfit
3894 1724 3947 1787 ἐι

2445 1816 2614 1900 bigis
2654 1815 2839 1881 boum
2866 1815 3084 1899 gibbis
3123 1811 3693 1898 protuberantibus
3714 1863 3736 1892 ‚
3781 1829 3946 1882 atra-

2442 1933 2556 1999 que
2587 1933 2776 1977 manu
2785 1915 2994 1998 facem
3032 1920 3230 1990 tenet,
3283 1906 3362 1971 L.
3403 1911 3589 1975 Veri.
3643 1905 3940 1992 (Pellerin

2445 2008 2677 2093 Suppl.
2716 2010 2799 2071 11.
2854 2030 2924 2092 p.
2962 2006 3110 2090 73.)

2536 2103 2936 2167 Pellerinius
2972 2122 3336 2189 perperam
3388 2101 3706 2170 Cererem
3745 2118 3943 2191 putat.

2443 2202 2524 2263 In
2553 2201 2772 2263 numis
2804 2205 3162 2284 Apameae
3206 2198 3576 2281 Bithyniae
3601 2204 3796 2282 juxta
3817 2223 3942 2265 mu·

2441 2296 2675 2360 lierem
2704 2297 2872 2360 duas
2895 2295 3086 2357 faces
3114 2306 3455 2356 tenentem
3491 2295 3726 2379 legitur
3755 2298 3944 2361 DIA·

2440 2392 2593 2458 ΝΑ.
2646 2390 2980 2467 LVCIF„
3035 2402 3103 2451 et
3149 2390 3349 2473 bigae
3403 2402 3744 2453 taurorum
3779 2392 3940 2455 Dia-

2438 2507 2611 2565 nae,
2666 2507 2819 2551 cum
2858 2486 3061 2549 lunae
3102 2505 3340 2548 munus
3392 2483 3732 2571 fungitur,
3803 2509 3943 2574 pro·

2437 2584 2630 2669 priae
2665 2582 2849 2659 sunt,
2901 2594 2975 2645 ut
3016 2580 3215 2666 bigae
3263 2601 3594 2663 equorum
3626 2585 3788 2649 Soli.
3848 2585 3941 2647 De

2439 2679 2661 2754 bobus
2686 2677 2978 2764 gibbofis
3002 2679 3163 2743 vide
3188 2676 3390 2743 altius
3411 2698 3659 2749 numos
3684 2684 3944 2771 Magne·

2439 2774 2571 2841 fiae
2606 2775 2898 2858 Lydiae.

3176 2964 3220 3005 ff

2996 3021 3029 3055 ὑ
3361 3022 3396 3057 5

2533 3064 2961 3152 Magistrum
3005 3072 3441 3153 Γραμματευς,
3491 3063 3706 3154 scriba
3725 3115 3745 3146 ,
3811 3067 3948 3133 fre·

2441 3179 2650 3243 quens
2695 3163 2852 3225 inde
2901 3186 2947 3228 a
2975 3166 3074 3229 M.
3126 3167 3431 3229 Aurelio.

2533 3259 2904 3324 Praetorem
2953 3261 3132 3323 vidit
3185 3261 3592 3325 Vaillantius
3639 3263 3710 3324 in
3746 3281 3950 3324 numo

2437 3350 2770 3418 Gordiani
2814 3355 3019 3419 musei
3055 3355 3460 3442 Carpegna,
3511 3378 3750 3421 verum
3795 3377 3951 3421 cum

2432 3447 2627 3530 hujus
2682 3469 2819 3514 non
2875 3452 3260 3515 meminerit
3295 3455 3835 3530 Buonarrotius,
3881 3454 3949 3516 in

2434 3549 2576 3627 ejus
2630 3546 2920 3613 lectione
2973 3548 3262 3633 suspicor
3283 3550 3641 3614 Vaillantii
3677 3549 3946 3633 lapsum.

2432 3642 2701 3705 Tamen
2734 3656 3011 3726 praetor
3045 3644 3288 3728 legitur
3317 3645 3387 3708 in
3420 3665 3630 3709 numo
3656 3647 3731 3708 L.
3757 3648 3948 3709 Veri:

2435 3735 2882 3897 ξηίῐὲΤΡΛ.
2908 3740 3449 3915 ΕἸΞΛΡΕΕΤΟΤ.
3491 3739 3758 3822 (Sestini
3779 3742 3950 3807 Lett.

2506 3878 2525 3899 .
2661 3880 2678 3897 .
2715 3854 2784 3919 p.
2829 3853 2983 3902 122.
3963 3898 3968 3901 .

3185 4030 3220 4064 2

2536 4127 2781 4192 Nomen
2821 4124 2903 4193 ab
2947 4069 3403 4212 ''himer-aton:
3428 4130 3953 4203 KAJCAPan.

2408 4221 3059 4307 ΒΤΡΑΛΛΙΑΝΩΝ.
3131 4225 3203 4287 in
3275 4245 3485 4291 numo
3546 4231 3957 4300 Domitiani.

2438 4318 2952 4430 (PellerimRec.
2974 4320 3096 4385 111.
3139 4341 3206 4408 p.
3243 4318 3434 4407 236.)
3490 4341 3559 4392 et
3585 4318 3864 4414 passim‘
3895 4331 3958 4393 in

2437 4426 2847 4481 autonomis.

839 4551 3976 4629 *W

896 4622 951 4689 a)
990 4619 1159 4677 Numi
1197 4636 1307 4690 vet.
1342 4645 1403 4701 p,
1441 4645 1565 4693 202.

1750 4614 2411 4711 b)1.,111.'c.4,§,3.
2505 4652 2514 4658 ·
