4125 5500
1318 570 2250 670 coELEsYRIA.

222 798 400 862 mine
426 796 722 881 Aegypti
743 796 907 859 urbe
936 792 1288 882 Heliopoli
1316 844 1335 877 ,
1365 800 1458 861 'et
1479 792 1735 863 hahere

218 894 452 975 aliqua
508 891 740 969 Ῑονίε,
811 892 1048 975 aliqua
1097 892 1277 959 Solis
1308 941 1326 971 ‚
1393 900 1557 959 nain
1608 894 1735 957 effe

214 989 434 1073 specie
473 987 778 1052 imberbi.
799 989 1086 1055 dextera
1121 989 1304 1055 elata
1326 998 1479 1057 cum
1516 988 1732 1075 flagro

213 1083 284 1149 in
309 1087 608 1169 aurigae
635 1086 956 1163 modmn‘,
989 1083 1196 1150 laeva
1223 1099 1451 1151 tenere
1475 1085 1734 1151 fulmen

213 1193 282 1244 et
325 1180 813 1265 spicas,‘quae
876 1193 1128 1246 cuncta
1174 1185 1364 1249 Iovis
1418 1182 1732 1267 Solisque

212 1277 671 1342 consociatam
692 1278 1069 1363 potentiam
1086 1277 1561 1345 demonstrant.
1595 1279 1732 1346 Sed

205 1386 274 1437 et
308 1373 614 1437 Iulianus
651 1378 818 1460 Aug.
855 1373 1085 1437 Solem
1110 1377 1398 1439 eundem
1433 1392 1588 1441 cum
1617 1375 1732 1438 Io·

199 1482 287 1533 ve
327 1470 475 1533 late
509 1471 918 1558 comprobat
945 1471 1016 1533 in
1047 1472 1360 1536 oratione
1399 1472 1471 1535 in
1497 1490 1732 1558 regem

200 1565 460 1635 Solem.
560 1569 756 1631 Vnde
794 1579 862 1631 et
890 1564 1172 1653 Sarapis
1193 1569 1376 1633 idem
1398 1569 1727 1653 Iuppiter,

109 1656 114 1663 ‘
195 1663 384 1725 idem
415 1661 571 1727 Sol.
671 1662 886 1744 Hujus
914 1664 1122 1728 etiam
1147 1664 1336 1731 Iovis
1374 1665 1591 1729 cultus
1613 1684 1729 1727 ex·

193 1771 306 1824 tra
331 1758 986 1849 Heliopolin,viguit
1008 1807 1029 1837 ,
1062 1780 1286 1846 neque
1311 1760 1520 1825 modo
1544 1760 1732 1845 apud

192 1854 507 1923 vicinam
525 1854 870 1938 Berytum
893 1904 913 1933 ‚
965 1858 1080 1923 sed
1120 1859 1328 1925 etiam
1369 1855 1730 1923 remotissi-

193 1970 346 2015 mos
399 1950 735 2039 Puteolos
778 1953 1066 2019 docente
1116 1950 1287 2018 istud
1339 1970 1728 2031 marmore,

189 2047 386 2130 quod
430 2047 655 2112 edidit
684 2048 1109 2114 Muratorius
1135 2049 1250 2115 sub
1277 2050 1588 2133 Traiano
1606 2067 1729 2135 po-

184 2142 426 2210 litum:
490 2143 683 2231 (pag.
707 2160 869 2227 5231.
901 2143 1015 2228 4.)
1068 2144 1573 2213 CVLTORES.
1603 2145 1730 2209 10-

182 2238 1220 2311 VIS.HEL10POL1TAN1.-
1276 2234 1732 2311 BERYTEN·

185 2335 371 2404 SES.
414 2335 1108 2425 QV1,PVTEOLIS.
1130 2337 1728 2411 CONSISTVNT.

186 2432 300 2496 De
341 2432 669 2519 templo
650 2452 721 2499 ιιι
760 2433 981 2501 numia
1017 2434 1128 2498 his
1164 2435 1199 2497 s
1240 2432 1518 2499 octabili
1555 2432 1730 2497 haec

181 2528 519 2593 Malaia·
557 2528 622 2612 ⁸)
672 2530 983 2617 exstruxit
1022 2528 1120 2597 Ιιὶσ
1200 2516 1584 2594 Antoninus
1621 2528 1729 2588 Pi·

181 2622 306 2706 us)
353 2625 541 2710 apud
558 2623 910 2708 Heliopolin
933 2623 1303 2693 phoeniciae
1330 2616 1563 2691 'Libani
1591 2643 1731 2685 ma-

168 2738 390 2808 gnum
441 2723 591 2787 Iom'
627 2714 972 2806 templum,
1009 2722 1178 2808 quod
1222 2731 1283 2787 et
1336 2721 1530 2811 ipsam
1570 2721 1735 2782 inter

168 2818 526 2884 mirabilia
561 2837 753 2901 opera
786 2817 1242 2883 numerandum
1274 2820 1369 2904 qli.
1469 2814 1564 2902 Εἴ.
1589 2811 1729 2878 for·

162 2927 235 2978 te
283 2910 682 2999 superstites
723 2912 946 2975 adhuc
981 2913 1258 2994 ruinae,
1300 2924 1538 2978 ettam
1573 2931 1731 2996 pro·

166 3022 341 3096 pter
398 3005 1028 3094 magnificentiam,
1081 3030 1288 3094 quam
1335 3019 1551 3072 artem
1612 3007 1728 3071 ad

166 3105 570 3169 mirandae·
589 3145 609 3181 ,
635 3122 836 3186 quas
887 3105 1108 3189 pietas
1150 3103 1328 3180 stitit
1343 3100 1729 3183 Pocokius,

165 3203 263 3268 ad
307 3203 518 3266 idem
565 3199 890 3284 templum
936 3201 1339 3286 pertinuere.

948 3358 981 3393 ἰ
1085 3387 1090 3393 .

139 3531 144 3540 1
269 3452 332 3518 1.
394 3452 491 3516 O.
539 3451 640 3516 M.
689 3453 774 3518 H.
836 3454 1149 3552 Capreffus
1184 3460 1360 3536 intra
1400 3456 1727 3546 templum,

162 3545 504 3635 Philippi
537 3561 615 3611 et
655 3550 1019 3636 Otaciliae.
1074 3537 1356 3641 (Vain.)'

267 3647 545 3730 Typus
581 3644 692 3708 hic
738 3669 903 3713 mox
947 3651 1132 3714 dicta
1171 3647 1268 3715 de
1294 3651 1460 3719 Iove
1509 3667 1576 3717 et
1605 3653 1726 3719 So-

156 3741 225 3807 le
265 3762 420 3806 uno
460 3741 747 3806 nomine
793 3745 1286 3833 comprehensis
1326 3749 1725 3824 confit-man

158 3835 576 3928 epigraphe
611 3855 904 3925 namque
940 3843 1050 3905 ad'
1064 3843 1340 3922 Iovem,
1394 3847 1602 3909 arbor
1634 3847 1728 3908 ad

155 3933 414 3998 Solem
457 3929 802 4014 refertur,
855 3939 960 4002 cui
1014 3959 1166 4002 eam
1222 3939 1482 4012 sacram
1536 3940 1726 4010 fuiss‘e
1775 3975 1782 3980 -

153 4031 375 4118 supra
413 4025 497 4104 in
544 3982 889 4096 Damaico
927 4033 1168 4115 docui,
1218 4035 1287 4100 in
1337 4037 1521 4122 qu‘us
1560 4057 1732 4126 quo·

155 4146 298 4211 que
336 4125 593 4193 mamis
631 4127 882 4202 visitur.
1520 4189 1534 4220 ·.
1609 4191 1635 4246 ‚x

258 4363 495 4448 Caput
537 4360 838 4428 muliebre
876 4318 1482 4436 vetatum”turriidm
1503 4412 1521 4445 ‚
1553 4383 1729 4452 ‘pom

142 4481 389 4529 ranms
429 4458 659 4535 lauri,
712 4469 919 4546 typus
964 4460 1231 4530 obvius.
1289 4483 1298 4496 ·

236 4689 298 4759 a)
345 4679 680 4772 cfizonogr.
719 4679 921 4756 μισ.
1068 4677 1492 4770 b)L}Xy11.'

1569 4693 1647 4774 2⁶³
1688 4691 1814 4745 Hist.
1852 4694 1921 4746 V.
1964 4708 2016 4751 ι.

3018 700 3023 711 ,
3198 621 3350 694 335

2386 794 2429 882 ‚⁹
2574 790 2608 832 ἢ

1919 892 2275 979 Legiones-⁶
3378 966 3385 984 ὃ

1825 1032 1832 1037 -
1918 989 2122 1056 LEG.
2185 987 2373 1055 VIII.
2430 989 2643 1056 AVG.
2705 995 2788 1056 V.
2868 986 3346 1058 MACEDON.

1823 1085 2026 1172 Caput
2077 1085 2369 1153 muliebre
2421 1094 2721 1154 turritum
2782 1091 2958 1175 cippo
3008 1089 3345 1179 impositum

1821 1185 2097 1273 afflante
2145 1184 2287 1249 hinc
2347 1192 2408 1248 et
2462 1186 2605 1250 §nde
2656 1184 2846 1251 milite
2898 1206 3031 1252 mm
3074 1186 3292 1251 vexillo
3317 1233 3338 1267 ‚

1818 1279 2124 1367 Philippi
2162 1281 2295 1345 sen.
2349 1278 2626 1367 (Vaill.)

1913 1378 2217 1441 Easdem
2236 1378 2537 1463 legiones
2560 1378 2897 1464 eloquitur
2923 1376 3242 1464 frequens
3272 1378 3345 1442 in

1819 1472 1927 1537 his
1971 1475 2192 1536 numis
2224 1487 2451 1561 ‘typus
2497 1476 2785 1540 duarum
2823 1478 3208 1561 aquilarum
3252 1475 3347 1537 le·

1818 1570 2307 1655 gionariarum.
2408 1571 2487 1634 In
2523 1574 2744 1637 numis
2776 1574 3014 1658 Beryti
3050 1591 3186 1638 non
3226 1573 3347 1635 ad..

1817 1668 2101 1731 modum
2147 1666 2449 1731 distantis
2507 1671 2647 1747 iam
2704 1670 2862 1732 inde
2921 1670 3009 1734 ab
3050 1664 3349 1752 Angusto
3480 1752 3485 1756 .
3578 1723 3587 1736 .

1817 1761 2129 1848 leguntur
2189 1764 2492 1848 legiones
2538 1766 2622 1828 V.
2668 1775 2737 1829 et
2777 1766 2962 1830 VIII.
2990 1814 3010 1845 ,
3062 1763 3349 1852 perinde

1819 1877 1902 1922 ac
1939 1857 2143 1923 LEG.
2185 1859 2308 1923 111.
2356 1858 2563 1925 GAL.
2630 1862 2701 1924 in
2739 1864 2960 1926 numis
3006 1881 3159 1927 cum
3199 1860 3343 1923 Da*-

1815 1954 2066 2033 masci,
2116 1967 2263 2019 tum
2296 1958 2493 2040 Tyri.
2590 1958 2698 2022 Ex
2730 1958 2873 2042 quo'
2901 1970 3217 2045 apparet,
3248 1956 3342 2019 le-

1818 2052 2055 2136 giones
2100 2054 2183 2116 V.
2223 2063 2291 2117 et
2339 2053 2524 2116 VIII.
2562 2066 2830 2140 partem
2873 2053 3103 2120 fletiss'e
3136 2055 3345 2137 Bery

1977 2161 2246 2281 partem
2296 2149 2670 2235 Heliopoli.
2769 2151 2857 2215 Et
2900 2153 3105 2216 docet
3159 2149 3344 2213 Stra·

1815 2244 1951 2323 bo,
2007 2250 2054 2323 .)
2102 2246 2433 2328 Berytum
2470 2266 2514 2308 a
2554 2243 3348 2312 Romanisinstauratam

1819 2339 2084 2404 duabus
2107 2340 2488 2425 legionibus
2519 2342 2617 2405 ibi
2655 2344 2745 2408 ab
2781 2344 3119 2432 Agrippa
3128 2340 3341 2407 00110

1819 2438 2058 2501 catis.‘
2045 2484 2052 2495 .
2085 2434 2356 2518 Quotae
2387 2436 2550 2502 illae
2582 2437 2837 2505 fuerint
2856 2488 2877 2520 ‚
2926 2441 3177 2505 Strabo
3203 2454 3343 2502 non

1818 2533 2059 2607 docet,
2112 2531 2226 2594 sed
2267 2533 2516 2596 docent
2548 2538 2764 2602 numi.
2856 2538 3229 2622 Legionem
3257 2538 3341 2600 V.

1818 2624 2050 2690 stetiss'e
2094 2626 2161 2687 in
2198 2626 2496 2705 Iudaea,
2565 2641 2634 2690 et
2689 2632 2833 2694 Titi
2878 2645 3105 2716 partes
3140 2632 3341 2696 'secu-

1815 2734 1959 2787 tam
1996 2721 2208 2785 tradit
2245 2721 2553 2788 Tacitus.
2592 2721 2654 2808 ⁰)
2757 2727 2949 2790 Haec
2992 2747 3163 2791 vera
3199 2727 3347 2794 sunt

1818 2838 1972 2884 cum
2011 2837 2101 2884 ex
2137 2814 2511 2897 historicis,
2550 2832 2705 2886 tum
2753 2823 3023 2890 numis„
3096 2825 3186 2884 At
3212 2821 3344 2885 dif-

1818 2914 2189 2982 ficultatem
2213 2933 2350 2977 non
2372 2918 2689 3003 exiguam
2726 2917 3018 2983 offerunt
3050 2915 3342 2982 testimo·

1815 3031 1937 3076 ma
1991 3012 2339 3076 contraria
2395 3032 2547 3078 cum
2607 3013 3122 3093 historicorum.
3195 3023 3342 3079 tum

1819 3119 2199 3176 numerum.
2306 3107 2520 3195 Legio
2547 3112 2681 3190 v-.,
2735 3131 2911 3196 quae
2940 3117 3173 3176 aetate
3201 3115 3336 3175 Au-

1814 3201 2017 3292 gusti,
2070 3205 2248 3282 Titi,
2285 3204 2583 3293 Philippi
2611 3209 2678 3271 in
2700 3209 2905 3293 Syria
2942 3207 3184 3273 stativa
3216 3209 3340 3272 ha·

1813 3303 2001 3379 buit,
2055 3311 2282 3366 aetate
2316 3300 2559 3367 Dionis
2595 3305 2829 3369 adfixa
2862 3303 2994 3368 fuit
3031 3304 3335 3383 Daciae,

1815 3412 1892 3466 ut
1932 3349 2173 3464 diserte
2204 3397 2316 3460 hic
2370 3400 2641 3482 prodit:
2691 3419 2953 3484 πεμπτον
2996 3401 3335 3464 Μακεδονι-

1814 3495 2010 3563 md!
2041 3497 2269 3574 Δακιᾳ.
2325 3553 2331 3560 ,
2370 3494 2635 3558 Ibidem
2663 3517 2812 3560 eam
2830 3505 3338 3560 commoratam

1810 3591 1928 3659 Eub
1981 3590 2303 3674 Philippo
2334 3638 2353 3668 ‚
2408 3601 2476 3654 et
2511 3592 2936 3675 sequentibus
2972 3596 3337 3679 imperato·

1811 3689 2010 3754 ribus
2037 3735 2057 3765 ,
2090 3685 2301 3751 &obvii
2347 3686 2613 3752 Daciae
2655 3684 2839 3752 numi
2891 3690 3050 3753 satis
3090 3687 3337 3753 confir-

1813 3795 2023 3850 mant.
2074 3847 2083 3852 ,
2123 3784 2278 3846 Νοιι
2348 3795 2612 3850 tantum
2672 3787 2839 3850 mihi
2906 3787 3135 3851 tribuo
3173 3834 3191 3865 ,
3265 3798 3342 3849 ut

1814 3882 2024 3950 aufim
2059 3898 2166 3948 me
2206 3879 2400 3961 hujus
2435 3880 2813 3945 discordiae
2850 3884 3177 3947 arbitrum
3203 3883 3338 3952 fer.

1775 4000 1930 4056 re,
1968 3991 2131 4038 nam
2166 3986 2233 4037 et
2253 3976 2479 4061 plures
2516 3975 2697 4040 aliae
2719 3979 2882 4040 mihi
2906 3977 3131 4041 forent
3153 4000 3335 4044 com-

1811 4072 2211 4163 ponendae,
2260 4083 2339 4140 ut
2373 4090 2525 4133 cum
2572 4071 2713 4138 Dio
2769 4074 3107 4157 legionem
3148 4075 3335 4139 vm.

1716 4153 1726 4168 ’
1810 4166 2283 4257 Augustarum
2316 4164 2689 4232 Germania
2725 4169 3073 4253 superiore²
3103 4169 3343 4232 consti.

1810 4270 1940 4336 tuit
1966 4313 1986 4344 ,
2032 4262 2219 4347 quod
2258 4275 2327 4330 et
2367 4257 2807 4328 confirmatur
2854 4263 3095 4350 tegulis
3150 4267 3336 4352 a'pud

1811 4369 2336 4451 Argentoratum
2380 4357 2638 4423 effossis
2694 4359 2853 4424 teste
2896 4361 3339 4448 Schbpflino,

1813 4464 1881 4526 in
1918 4455 2163 4545 quibus
2198 4455 2549 4542 scriptum:
2600 4456 2804 4525 LEG.
2828 4459 3012 4523 Vlll.
3039 4451 3332 4538 AVG.¹³)

2155 4691 2211 4758 d)
2246 4691 2314 4746 Β.
2349 4691 2418 4753 L,
2456 4685 2526 4745 T.
2563 4690 2636 4744 X.
2673 4706 2730 4761 p-
2767 4702 2888 4760 457·
