4125 5500
951 600 968 619 ν
1059 562 1486 645 RE'GES
1580 560 2309 647 PARTHIAE.
2461 679 2489 699 ρ
3100 599 3247 667 5²3

900 1138 1433 1222 REGES
1529 1090 2481 1259 PA'RPHJAQ

128 1591 424 1715 Parthi,
497 1652 656 1720 gens
705 1630 1071 1716 Scythica,
1123 1633 1503 1701 domesticis
1554 1639 1642 1701 se·
1725 1652 1841 1715 ta,
1892 1652 2159 1704 veteres
2206 1641 2453 1702 iterum
2495 1637 2812 1701 dominos
2872 1636 3108 1703 Persas
3149 1655 3261 1704 σοι

135 1733 492 1797 ditionibus
549 1730 775 1815 patria
825 1727 989 1812 pulsi
1054 1732 1420 1813 proximae
1460 1734 1648 1817 Hyr·-
1729 1747 1998 1821 geretur
2029 1734 2350 1820 experiri.

136 1831 314 1893 canis
349 1842 568 1893 terras
609 1836 1120 1911 occupaverant
1147 1872 1168 1903 ,
1221 1826 1487 1892 obscuri
1525 1849 1645 1893 no·-
1829 1831 2092 1892 Horum
2122 1830 2446 1893 Parthiae
2502 1845 2736 1913 regum
2780 1829 3016 1906 humi,
3092 1825 3207 1891 etsi
3231 1873 3253 1907 ,

130 1926 355 2004 miniS,
407 1925 541 1988 [ive
575 1942 730 1986 cum
779 1921 1018 1984 Persae
1043 1969 1074 2000 ‚.
1117 1919 1251 1984 [ive
1313 1926 1643 1989 Macedo·
1730 1918 1917 2007 quod
1957 1925 2159 2010 longe
2199 1925 2473 2009 petendi
2509 1922 2692 2000 sunt,
2762 1924 2833 1986 in
2895 1922 3261 2008 locupleti-

129 2041 241 2085 nes
270 2041 492 2085 rerum
525 2020 921 2105 potirentur.
1020 2018 1305 2080 Mortuo
1345 2021 1638 2084 Alexan·
1723 2020 1850 2084 bus
1893 2040 2179 2105 quoque·
2204 2018 2757 2105 numophylaciis
2784 2023 3047 2105 perrari
3082 2021 3258 2098 sunt,

135 2119 264 2181 dro·
289 2117 386 2182 M.
427 2115 575 2204 post
620 2112 994 2177 nonnullas·
1021 2113 1206 2176 vices
1255 2114 1638 2183 Seleucida·
1724 2127 1970 2178 tamen·
1998 2138 2091 2179 ex
2133 2114 2448 2179 omnibus
2483 2117 2552 2178 in
2589 2134 2796 2177 unum
2840 2117 3113 2179 collecti
3154 2115 3252 2177 in·

131 2233 274 2277 rum
327 2215 616 2298 denique
667 2210 1025 2293 imperium
1078 2209 1294 2293 passi,
1369 2213 1641 2275 claritu·
1727 2211 1972 2296 signem
2034 2211 2343 2275 efficiunt
2374 2230 2765 2286 numerum,
2820 2223 2889 2272 et
2939 2208 3273 2274 illustrem.

136 2306 352 2373 dinem
394 2329 528 2373 non
569 2307 791 2369 multo
837 2304 980 2390 post
1038 2323 1411 2390 accepere,
1481 2310 1659 2371 dum:
1734 2308 1974 2369 seriem
2025 2310 2182 2371 inde
2218 2328 2262 2370 a
2314 2308 2505 2392 regni
2547 2318 2790 2369 exortu
2830 2326 3044 2391 usque
3083 2308 3174 2370 ad
3207 2326 3273 2369 e·

141 2404 419 2469 deficere
483 2402 717 2491 palam
779 2421 830 2465 a·
881 2401 1138 2483 Syriae·
1175 2402 1446 2482 regibus
1503 2404 1646 2465 sunt
1720 2404 1827 2482 jus
1873 2402 1993 2464 sub
2047 2403 2466 2466 Alexandro
2521 2401 2797 2465 Severo·
2860 2401 3272 2467 eversionem

136 2499 287 2565 ausi.
386 2501 674 2567 Factum
711 2494 880 2558 istud
907 2498 1286 2580 imperante
1302 2498 1662 2560 Antiocho
1725 2496 2173 2580 suppeditant.
2274 2498 2409 2559 Eos
2448 2497 2866 2560 Vaillantius
2910 2499 2998 2560 de
3040 2500 3256 2561 omni-

130 2594 216 2661 n.
238 2642 260 2672 ‚
311 2615 574 2660 annum
594 2592 953 2657 definiente
988 2588 1231 2655 Iustino
1259 2589 1323 2673 ⁸)
1350 2592 1646 2655 L.Man·
1728 2590 1853 2653 bus
1891 2589 2035 2654 fere
2066 2604 2371 2655 veterum
2404 2610 2765 2674 regnorum
2792 2594 3015 2655 numis
3049 2613 3252 2675 prae-

131 2691 223 2755 lio
270 2692 564 2755 Vulsone
595 2738 615 2769 ‚
674 2690 777 2753 M.
831 2686 1045 2748 Atilio
1095 2687 1358 2772 Regulo
1442 2686 1646 2765 COSt,
1742 2687 1926 2749 clare
2001 2688 2293 2751 meritus
2358 2707 2444 2749 ex
2492 2688 2776 2773 cognitis
2851 2685 2969 2749 sibi
3030 2688 3273 2752 muscis

133 2789 244 2870 qui
282 2786 417 2851 fuit
457 2790 542 2852 V.
581 2787 656 2849 C.
692 2796 860 2866 498.
889 2786 998 2845 A.
1037 2783 1120 2845 X.
1177 2787 1337 2867 256.
1361 2830 1382 2860 ‚
1436 2802 1479 2845 a
1510 2804 1675 2867 quo·
1771 2783 2108 2866 congessit
2136 2833 2157 2865 ,
2209 2796 2278 2845 et
2313 2783 2382 2845 in
2434 2796 2834 2867 perpetuam
2885 2782 3121 2845 seriem
3167 2786 3281 2846 tri·

136 2902 309 2946 anno
349 2883 505 2946 suae
545 2881 1081 2945 Parthos-aerae
1127 2881 1394 2942 initium
1435 2879 1644 2941 duxis-
1731 2878 1933 2941 butos
1963 2878 2654 2942 animadversionibus
2692 2877 3093 2955 illustravit,
3148 2878 3259 2944 sed

135 2978 196 3040 se
232 2979 524 3040 credidit
559 2976 989 3039 Vaillantius.
1097 2974 1478 3038 Secundum
1522 2976 1650 3036 Eu·
1731 2975 2096 3057 impedivit
2126 2994 2310 3036 mors
2338 3021 2357 3048 ‚
2412 2994 2548 3056 qno
2593 2973 2811 3036 minus
2851 2974 3271 3037 meditatum.

133 3072 384 3138 rebium
443 3084 623 3136 octo·
653 3069 820 3134 istud
855 3070 1046 3132 annis
1100 3070 1304 3133 serius
1351 3070 1649 3155 contigit.
1747 3069 1970 3154 longis
2029 3071 2205 3132 curis
2260 3089 2433 3153 opus
2514 3071 2583 3132 in
2665 3069 2885 3132 lucem
2957 3070 3276 3137 mitteret.

130 3167 555 3234 Defectionis
611 3180 924 3231 auctores
973 3166 1413 3251 perhibentur
1453 3166 1647 3227 Arsa·
1733 3164 2103 3249 vulgatum
2124 3155 2355 3229 tainen
2394 3165 2599 3228 serius
2628 3159 3050 3250 est'praefixo
3082 3164 3269 3228 fron.

137 3284 244 3328 ces
273 3311 294 3342 ‚
348 3279 422 3340 et·
482 3265 828 3327 Tiridates
890 3260 1137 3324 fratres
1171 3308 1191 3338 ,
1274 3258 1647 3324 illustrioris
1730 3260 1784 3322 ti
1825 3261 2062 3324 titulo:
2118 3260 2575 3349 Arsacidarum
2607 3264 2968 3346 imperium,
3005 3263 3135 3350 five
3165 3282 3263 3325 rs·

141 3360 344 3422 ambo
385 3363 653 3432 ,virtutis
679 3405 698 3435 ‚
766 3377 972 3441 quam
1018 3370 1093 3424 ut
1142 3355 1662 3442 praefectorum
1726 3377 1882 3441 gum
1927 3356 2322 3421 Parthorum
2359 3355 2611 3442 historia
2656 3357 2744 3421 ad
2789 3358 2982 3444 fidem
3023 3360 3268 3422 numis-

141 3455 491 3519 libidinem
550 3456 804 3540 poffent
854 3439 1173 3540 perfffle.
1276 3453 1427 3515 Hoc
1465 3454 1646 3538 genti
1744 3461 1984 3517 matum
2016 3452 2519 3521 adcommodata..
2559 3456 2821 3538 Pamfiis
2870 3475 3050 3537 17¹5·
3094 3456 3161 3516 in
3202 3477 3273 3538 4·

125 3548 461 3630 ‚hactenus
499 3552 895 3636 despectae,
948 3562 1014 3611 et
1063 3551 1133 3611 in
1175 3549 1530 3614 servorum¹
1558 3549 1655 3612 lo·
1738 3545 2032 3613 Desuiise
2069 3548 2806 3633 praeclaro-proposito
2870 3549 3267 3633 supremam·

139 3663 219 3709 co
275 3649 553 3712 habitae
609 3647 701 3710 ad
740 3646 1119 3730 potentiam
1163 3645 1424 3707 initium
1454 3693 1474 3721 ‚
1544 3663 1656 3708 eo·
1738 3664 2038 3721 manum,
2091 3663 2273 3727 quae
2303 3642 2690 3727 frequentes
2722 3663 2981 3707 naevos
3017 3642 3270 3708 abster-

143 3758 349 3827 usque
391 3743 667 3806 subinde
698 3743 1028 3825 prosperis
1073 3741 1478 3804 successibus
1503 3760 1654 3825 pro·
1738 3749 1969 3823 geret,
2019 3740 2285 3823 pridem
2338 3737 2678 3823 conquesti
2712 3740 2855 3806 sunt
2882 3741 3011 3803 viri
3049 3742 3270 3803 erudi-

149 3850 456 3916 vectam,
511 3851 744 3901 utnon
798 3838 1003 3899 modo
1047 3838 1168 3914 iis,
1224 3855 1393 3919 quos
1440 3837 1673 3902 domi·-
1740 3835 1834 3915 ti,
1886 3854 2057 3917 quos
2131 3835 2306 3897 inter
2368 3835 2558 3899 fuere
2618 3857 2753 3899 non
2840 3837 3098 3920 pauci,
3156 3837 3271 3919 qui

146 3951 266 3996 nos
329 3936 536 4018 passa.
591 3932 849 4008 fuerat,
944 3934 1350 4016 imperaret,
1429 3933 1544 3996 sed
1594 3942 1664 3994 et
1745 3948 1920 4014 quae
1955 3929 2361 3993 Vaillantius
2398 3944 2875 4016 peccaverat‚.
2907 3935 3291 3997 emendare*

147 4024 226 4090 fic
260 4031 724 4094 Romanorum
763 4028 973 4091 nosset
1019 4028 1463 4111 cupiditatem
1522 4028 1657 4089 elu·
1744 4026 1886 4088 sunt
1923 4025 2172 4100 adorti,
2229 4044 2413 4090 novo
2452 4026 2689 4089 labore
2730 4038 2937 4088 tanto·
2961 4027 3274 4091 fidentius

149 4122 323 4202 dere,
378 4139 450 4202 ut
490 4126 677 4189 velut
699 4124 912 4190 diviso
951 4123 1132 4187 orbis
1160 4122 1662 4206 imperio-prin·
1745 4119 2141 4196 collocato·,.
2180 4122 2363 4204 quod
2398 4123 2673 4207 insignia
2709 4140 3066 4184 munorum
3113 4122 3275 4185 P-ar-

161 4221 456 4306 cipatum
500 4221 661 4307 ipsa·
680 4221 747 4282 in
783 4221 1062 4284 Oriente
1107 4217 1486 4294 obtineret,
1540 4218 1658 4278 do·
1742 4215 2098 4279 thicorum‘·
2118 4216 2527 4281 accesserunt
2578 4217 3045 4302 supplementa
3082 4218 3269 4280 Vail-

145 4332 289 4396 nec,
340 4317 685 4403 quaesunt
722 4335 1118 4402 magnorum
1160 4334 1517 4400 regnorum
1557 4309 1657 4374 fa·
1741 4311 1956 4375 lantio
2006 4313 2287 4397 ignota»,
2342 4335 2560 4398 quae,
2611 4314 2794 4375 utin
2848 4310 3082 4408 nostris
3146 4311 3270 4375 stu·

220 4529 768 4597 ⁸)L-XL1.0.4·-

2504 4601 2567 4664 V
2620 4614 2662 4657 u
2715 4611 2872 4681 u.g;
