4125 5500
746 589 883 657 274

1618 538 2350 658 sEL'Evcls,

2449 565 2919 649 PIERIA.

736 771 839 831 113.
879 764 1162 852 eamque
1206 766 1627 855 epigraphen
1662 766 2026 833 secundum
2063 767 2246 853 leges
2339 767 2563 832 Nemo
2605 788 2738 833 non
2767 771 2982 849 videt,
3018 769 3144 833 effe
3173 767 3352 833 hunc
3386 787 3668 832 numum
3703 791 3855 835 eun-

736 883 781 926 a
812 882 918 925 me
956 882 1119 927 mox
1164 864 1409 931 citatas
1441 863 1794 950 praeclare
1837 864 2158 949 explicat.
2181 862 2245 944 ⁸)

734 962 827 1021 At
856 958 1039 1021 idem
1086 957 1268 1023 infra
1302 958 1371 1023 in
1407 960 1848 1025 emendandis
1878 980 2035 1045 pag.
2075 980 2114 1023 2
2120 978 2165 1045 5
2179 982 2241 1041 7

732 1074 860 1139 pro
896 1054 1253 1121 ΕΤΟΤΣ.
1289 1059 1408 1123 ςΚ.
1461 1056 1595 1142 legi
1664 1055 1855 1138 jubet
1903 1057 2240 1120 ΕΤΟΤΣ.

734 1151 882 1214 ΚΕ.
934 1148 1159 1214 *Istud
1192 1164 1427 1237 aperte
1474 1150 1739 1219 falsum.
1838 1152 2106 1215 Etenim
2143 1152 2240 1215 la-

732 1248 932 1309 bente
977 1246 1161 1332 apud
1211 1249 1678 1315 Antiocheno:
1731 1268 1908 1312 anno
1949 1250 2238 1313 Actiaco

730 1342 874 1407 KE.
926 1344 1033 1405 seu
1072 1362 1186 1426 25.
1333 1342 1662 1431 Augustus
1738 1347 2037 1408 nondum
2108 1343 2242 1407 fuit

730 1439 957 1503 consul
1003 1440 1194 1519 xa..
1248 1453 1323 1503 ut
1363 1453 1557 1528 patet
1597 1460 1687 1504 ex
1734 1441 1975 1505 inserto
2040 1442 2240 1529 supra

730 1537 1247 1623 diagrammate.

826 1633 1089 1696 Eodem
1133 1631 1291 1695 loco
1327 1647 1560 1698 narrat
1590 1634 1995 1710 Mor-essius»,
2048 1653 2236 1720 repe-

622 1751 645 1767 *
728 1728 874 1791 riss'e
912 1728 975 1791 se
1010 1730 1080 1791 id
1115 1750 1325 1813 genus
1354 1751 1584 1809 unum,
1637 1733 1753 1816 qui
1779 1730 2055 1817 Augusti
2081 1751 2234 1793 con—

725 1824 1012 1888 sulatum
1045 1826 1225 1889 XIV.
1256 1829 1511 1912 prodit,
1540 1826 1783 1911 scripto
1825 1829 2000 1889 adeo
2024 1830 2235 1892 ΤΠΑ.

728 1924 838 1985 ΙΔ.
942 1922 1097 1984 Hoc
1129 1919 1174 1982 fi
1207 1935 1463 1986 certum
1517 1936 1585 1986 et
1622 1923 2238 2008 exploratum‚nou

728 2030 879 2081 erat
922 2018 1165 2081 leviter
1209 2031 1276 2082 et
1313 2019 1500 2081 velut
1541 2021 1611 2082 in
1644 2010 2020 2083 transcursu
2052 2039 2234 2081 com-

725 2116 1269 2178 memorandum.
1368 2116 1578 2179 Probi
1625 2113 1778 2177 fasti
1853 2117 2083 2179 obitos
2146 2113 2233 2177 ab

723 2210 1018 2297 Augusto
1074 2211 1624 2305 consulatus-non
1678 2226 2013 2277 noverunt
2088 2211 2237 2299 plu-

720 2328 829 2369 res
869 2308 1052 2371 XIII.
1153 2310 1340 2372 Vnus
1368 2308 1572 2371 index
1612 2307 1954 2392 praefixus
1988 2308 2235 2371 Dionis

722 2403 899 2467 libro
943 2403 1086 2466 LV.
1130 2404 1543 2467 consulatum
1579 2401 1852 2488 Augusti
1902 2405 2079 2468 XIV.
2116 2402 2233 2466 ob-

723 2501 967 2575 trudit,
1018 2501 1127 2563 sed
1170 2521 1373 2583 quam
1420 2501 1765 2563 licentiam
1802 2504 2128 2566 adcurate
2169 2513 2238 2563 et

722 2597 948 2658 severe
980 2590 1257 2683 castigat
1298 2595 1618 2660 Norifius.
1672 2585 1741 2677 1’)
2015 2620 2019 2625 ·
2071 2650 2088 2667 .

820 2693 1046 2757 Alium
1110 2696 1290 2759 idem
1347 2695 1811 2779 promulgavit
1850 2695 2236 2781 inscriptum

722 2789 1055 2854 ΕΊῸΤΣ.
1126 2793 1275 2856 ΘΚ.
1344 2793 1656 2856 ΝΙΚΗΣ.
1736 2793 1941 2855 ΤΠΑ.
2022 2793 2130 2856 ΙΕ.
2182 2798 2233 2870 ⁰)

718 2887 1064 2969 Quoniam
1096 2884 1423 2973 Augustus
1456 2887 1683 2950 consul
1712 2887 1856 2950 XV.
1892 2908 2239 2971 nunquam

716 2982 1093 3067 processit,
1166 2983 1687 3068 Havercampus
1740 2996 2239 3046 commentator

718 3098 787 3141 το
816 3075 923 3148 lE.
960 3097 1093 3140 non
1113 3080 1205 3141 ad
1222 3077 1636 3141 consulatum
1658 3075 1953 3161 Augusti,
1978 3079 2085 3141 sed
2121 3099 2235 3141 no·

719 3191 883 3235 vam
928 3174 1229 3256 aliquam
1277 3173 1612 3257 epocham
1646 3172 1738 3235 ab
1792 3173 2235 3237 Antiochenis

718 3268 1067 3332 inductam
1134 3271 1517 3334 revocavit.
1571 3258 1635 3350 d)
1752 3268 2027 3334 Necess'e
2097 3289 2233 3334 non

724 3361 857 3442 est,
910 3370 1049 3449 ejus
1095 3367 1459 3432 ratiocinio
1508 3366 1793 3429 multum
1838 3367 2228 3444 immorari,

720 3480 875 3524 cum
910 3475 1165 3527 certum
1214 3462 1332 3540 fit,
1387 3483 1512 3548 pro
1564 3463 1672 3527 lE.
1722 3462 2078 3549 legendum
2120 3464 2231 3527 vel

713 3558 1121 3625 113.ve11r.

815 3655 1008 3718 Idem
1059 3657 1577 3742 Havercampus
1642 3655 1701 3738 ²)
1754 3670 1824 3720 et
1882 3631 2228 3722 Mazzole-

712 3769 838 3814 uus
878 3739 948 3829 f)
1001 3753 1301 3835 argentei
1334 3752 1823 3817 tetradrachmi
1864 3755 2229 3818 meminere

713 3845 879 3910 editi
911 3846 1206 3930 primum
1238 3846 1328 3909 ab
1378 3851 1617 3912 Aenea
1663 3850 1877 3929 Vico,
1951 3848 2231 3916 restituti

712 3963 757 4006 a
802 3941 1140 4021 Bellone,
1197 3955 1265 4006 et
1308 3947 1517 4028 quod·
1554 3946 1971 4034 epigraphen
2027 3967 2224 4033 prae-

713 4037 885 4102 fert:
931 4041 1486 4119 ΛΝΤΙΟΧΕΩΝ,
1529 4043 1798 4107 ΝΕΩΚ.
1842 4050 1963 4113 ςΛ.
2004 4045 2220 4109 ΑΤΤ.

717 4139 855 4204 ΔΝ.
957 4138 1108 4201 Hoc
1166 4139 1537 4223 praeconio
1581 4140 1904 4226 deceptus
1942 4151 2221 4224 uterque

708 4235 817 4298 vir
848 4226 1147 4297 e'ruditus
1197 4255 1401 4319 quam
1451 4234 1743 4298 absurda
1778 4246 2054 4298 coactus
2113 4234 2219 4297 fu·

708 4331 841 4392 erit
869 4331 1303 4408 comminisci,
1357 4350 1442 4393 ex
1475 4331 1975 4395 commentariis
2005 4343 2218 4416 patet.

705 4496 982 4625 „206890
953 4499 1051 4548 εῖν
1055 4514 1204 4626 ”unp
1241 4511 1324 4566 49

703 4635 805 4706 Syr
781 4652 917 4687 r.om
954 4629 1065 4685 diss
1104 4582 1383 4698 ”imppp
1396 4565 1520 4620 MOE
1524 4566 1610 4620 eu
1650 4567 1728 4619 Ἰ
1768 4568 1809 4620 I
1850 4569 2062 4637 126⁴·

1590 4496 2430 4565 b)C=.=0.intPs,idrr.11c.1
2409 4516 2498 4567 ¹3

2338 865 2496 928 dem
2537 885 2692 929 cum
2735 866 2909 944 iuis,
2965 884 3135 951 quos
3164 877 3408 948 quarto
3444 864 3603 929 loco
3637 869 3864 932 addu-

2332 963 2430 1024 xi.
2533 963 2770 1046 Inique
2829 964 3034 1026 etiam
3093 963 3400 1024 inseritur
3453 969 3526 1024 το
3580 963 3858 1028 ΝΕΩΚ.

2336 1076 2471 1139 quo
2499 1068 2866 1123 neocoratu-r
2912 1060 3287 1134 indicatur,
3323 1076 3573 1140 quem
3629 1060 3847 1122 nullus

2333 1165 2552 1217 certus
2614 1144 3195 1219 Antiocheam-um
3239 1173 3483 1218 numus
3526 1152 3856 1241 praefert.

2959 1347 3219 1429 §.IV-

2421 1542 2810 1607 ΚΛῙΣΑΡΙ.
2873 1540 3326 1607 ΣΕΒΑΣΤΩ.
3415 1541 3842 1611 APXIEPEI.

2329 1637 2531 1705 Cavut
2543 1638 2817 1725 Augffli
2843 1638 3010 1703 laur.
3060 1645 3117 1719 χ
3145 1637 3837 1706 APXIEPATIKON.

2327 1735 2845 1798 ΑΝΤΙΟΧΕΙΣ.
2915 1732 3159 1799 additis
3207 1736 3451 1799 anm's:
3514 1735 3663 1800 EK.
3723 1741 3840 1805 ςΚ.

2326 1833 2463 1895 ΖΚ.
2517 1832 2671 1895 ΗΚ.
2711 1832 2864 1895 ΘΚ.
2897 1839 2982 1894 Λ.
3031 1834 3180 1894 ΑΛ.
3211 1834 3424 1895 emnia
3453 1835 3637 1897 intra
3669 1855 3847 1898 coro-

2320 1947 2485 1990 nam.
2587 1927 2731 1990 AE.
2783 1927 2878 1989 ll.
2955 1924 3169 2003 (Mur.
3259 1924 3454 2011 Caes.
3539 1931 3840 2014 Magnan

2275 2024 2288 2032 ’
2322 2023 2550 2109 probl.
2589 2035 2727 2086 nat.
2761 2021 2922 2085 Chr.
2961 2023 3105 2087 tab.
3153 2023 3271 2086 VI.
3299 2024 3616 2103 Motelli,
3672 2026 3834 2088 Har-

2324 2119 2507 2183 duin.
2538 2117 2569 2201 )

2420 2216 2632 2297 Hujus
2670 2215 3077 2301 epigraphes
3139 2228 3210 2279 et
3247 2216 3395 2300 typi
3433 2236 3667 2281 verum
3703 2215 3839 2278 sen-

2324 2309 2492 2375 sum
2477 2313 2761 2411 primus
2800 2315 3054 2396 reperit
3088 2310 3402 2378 Norisius.
3450 2311 3511 2395 ὅ)
3609 2312 3833 2374 Nimi-

2323 2428 2471 2470 rum
2525 2408 2933 2471 Antiocheni
2994 2411 3271 2483 audito,
3335 2404 3699 2492 Augustum
3749 2408 3843 2472 V.

2327 2503 2403 2567 C.
2448 2516 2578 2585 742
2627 2523 2922 2567 vacuum
2989 2503 3238 2589 Lepidi
3299 2516 3516 2566 morte
3565 2502 3838 2588 pontifi·

2323 2614 2553 2664 catum
2605 2602 2980 2663 mximum
3040 2598 3427 2685 suscepisse,
3513 2611 3590 2661 ut
3660 2597 3836 2662 suam

2321 2694 2714 2760 testarentur
2747 2696 3082 2760 laetitiam
3106 2744 3126 2775 ‚
3179 2714 3460 2758 auream
3508 2694 3611 2759 illi
3645 2714 3830 2760 coro·

2319 2813 2479 2858 nam
2507 2793 3013 2857 dedicaverunt.
3110 2792 3219 2855 De
3261 2793 3330 2854 id
3363 2812 3573 2878 genus
3616 2813 3833 2855 mune-

2319 2889 2550 2968 ribus,
2604 2908 2778 2970 quae
2806 2891 2952 2970 jam
2988 2909 3181 2964 auro,
3232 2893 3371 2969 jam
3418 2907 3683 2952 corona
3721 2909 3827 2952 au-

2320 3005 2439 3048 rea
2518 2982 2951 3062 constabant,
3036 3006 3118 3049 ac
3187 2996 3580 3071 propterea*
3613 3006 3826 3051 aarum

2321 3084 2713 3145 coronarium
2762 3081 3158 3145 dicebantur
3185 3131 3204 3160 ‚
3258 3093 3324 3143 et
3399 3081 3825 3168 imperatori·

2322 3177 2522 3239 busa
2568 3174 2983 3263 provinciis,
3053 3175 3096 3238 fi
3157 3178 3322 3261 quid
3398 3174 3693 3242 feliciter
3750 3179 3824 3239 iis

2321 3272 2553 3350 cessit,
2624 3269 2854 3335 offerri
2929 3271 3374 3351 consuevere,
3457 3274 3572 3337 hic
3633 3292 3822 3359 agere

2316 3388 2452 3431 non
2491 3366 2797 3446 instituo,
2850 3388 3003 3431 cum
3051 3370 3241 3456 super
3281 3368 3418 3434 hoc
3479 3390 3818 3456 argumen-

2313 3475 2387 3528 to
2416 3463 2685 3549 copiose
2741 3464 3068 3549 disputem
3119 3468 3210 3530 ad
3273 3464 3519 3530 similes
3589 3485 3822 3530 numos

2313 3560 2638 3624 Antonini
2670 3560 2776 3623 Pii
2820 3580 2998 3625 anno
3041 3566 3124 3629 V.
3151 3561 3231 3630 C.
3271 3571 3405 3642 892
3447 3562 3660 3627 cusos.
3709 3561 3819 3623 Er-

2313 3677 2404 3742 go
2452 3656 2499 3719 Ii
2534 3659 2880 3740 utriusque
2937 3659 3151 3743 partis
3207 3658 3626 3745 epigraphen
3666 3677 3808 3722 con·

2308 3758 2547 3840 jungas
2591 3800 2612 3832 ‚
2693 3751 2909 3817 habes
2968 3753 3244 3817 facilem
3313 3758 3460 3837 ejus
3516 3754 3811 3817 sensum:

2309 3851 2691 3917 ΚΑΙΣΑΡΙ.
2714 3850 3166 3915 ΣΕΒΑΣΤΩ.
3191 3851 3628 3915 ΑΡΧΙΕΡΕΙ.
3688 3851 3811 3914 ΔΡ-

2307 3946 2886 4012 XlEPATlKON.
2967 3948 3230 4025 ςεφανοκ
3301 3947 3809 4012 ΑΝΤΙΟΧΕΙΣ.

2305 4037 2624 4126 ἀνεθηκαιν.
2731 4042 2979 4130 Caesari
3023 4043 3311 4130 Augtfio
3357 4044 3645 4130 pontefici
3687 4059 3810 4107 rna-

2303 4143 2477 4204 xeno
2509 4137 2587 4203 ob
2599 4138 2936 4226 susteptum
2967 4143 3396 4228 pontificatum
3424 4159 3604 4204 max.
3631 4157 3802 4203 coro*

2305 4254 2464 4297 nam
2508 4227 2892 4302 Antioc-beni
2939 4237 3452 4301 dedicaverunt.
3550 4236 3803 4300 Addere

2306 4333 2568 4408 ςεφανον
2598 4353 2890 4397 coronam
2927 4333 3178 4397 necesse
3211 4352 3347 4396 non
3409 4329 3588 4412 fuit,
3668 4347 3802 4402 cum

2718 4503 2766 4568 c)
2805 4501 2931 4552 The
2939 4499 3027 4561 s.1
3013 4504 3190 4575 impp
3227 4503 3465 4575 inhnAg
3505 4504 3620 4557 tab.
3657 4500 3798 4559 xm,

2257 4567 2466 4630 c..)le
2678 4566 3352 4645 sydetribwfflptpsy.
3623 4569 3888 4640 wssP·›
