<?xml version="1.0" encoding="UTF-8"?>
<!DOCTYPE html PUBLIC "-//W3C//DTD XHTML 1.0 Transitional//EN"
    "http://www.w3.org/TR/xhtml1/DTD/xhtml1-transitional.dtd">
<html xmlns="http://www.w3.org/1999/xhtml" xml:lang="en" lang="en">
 <head>
  <title>
</title>
<meta http-equiv="Content-Type" content="text/html;charset=utf-8" />
  <meta name='ocr-system' content='tesseract 3.04.00' />
  <meta name='ocr-capabilities' content='ocr_page ocr_carea ocr_par ocr_line ocrx_word'/>
</head>
<body>
  <div class='ocr_page' id='page_1' title='image "./doctrinanumorum10unkngoog_0122.png"; bbox 0 0 4125 5500; ppageno 0'>
   <div class='ocr_carea' id='block_1_1' title="bbox 776 533 920 604">
    <p class='ocr_par' dir='ltr' id='par_1_1' title="bbox 776 533 920 604">
     <span class='ocr_line' id='line_1_1' title="bbox 776 533 920 604; baseline 0 0"><span class='ocrx_word' id='word_1_1' title='bbox 776 533 920 604; x_wconf 79' lang='lat'>114</span> 
     </span>
    </p>
   </div>
   <div class='ocr_carea' id='block_1_2' title="bbox 706 703 2280 801">
    <p class='ocr_par' dir='ltr' id='par_1_2' title="bbox 706 703 2280 801">
     <span class='ocr_line' id='line_1_2' title="bbox 706 703 2280 801; baseline -0.006 -18"><span class='ocrx_word' id='word_1_2' title='bbox 706 703 713 711; x_wconf 74' lang='grc'><strong>’</strong></span> <span class='ocrx_word' id='word_1_3' title='bbox 763 718 1110 801; x_wconf 85' lang='lat' dir='ltr'>utriusque</span> <span class='ocrx_word' id='word_1_4' title='bbox 1162 707 1347 781; x_wconf 82' lang='lat' dir='ltr'>urbis</span> <span class='ocrx_word' id='word_1_5' title='bbox 1383 710 1616 789; x_wconf 85' lang='lat' dir='ltr'>numi,</span> <span class='ocrx_word' id='word_1_6' title='bbox 1670 722 1740 777; x_wconf 89' lang='lat' dir='ltr'>et</span> <span class='ocrx_word' id='word_1_7' title='bbox 1773 708 2091 778; x_wconf 75' lang='lat' dir='ltr'>Sardium</span> <span class='ocrx_word' id='word_1_8' title='bbox 2137 709 2280 794; x_wconf 87' lang='lat' dir='ltr'>qui-</span> 
     </span>
    </p>
   </div>
   <div class='ocr_carea' id='block_1_3' title="bbox 638 805 2281 898">
    <p class='ocr_par' dir='ltr' id='par_1_3' title="bbox 638 805 2281 898">
     <span class='ocr_line' id='line_1_3' title="bbox 638 805 2281 898; baseline -0.008 -18"><span class='ocrx_word' id='word_1_9' title='bbox 638 817 641 818; x_wconf 64' lang='grc'>’</span> <span class='ocrx_word' id='word_1_10' title='bbox 759 814 916 879; x_wconf 85' lang='lat' dir='ltr'>dem</span> <span class='ocrx_word' id='word_1_11' title='bbox 961 812 1210 898; x_wconf 78' lang='lat' dir='ltr'>copiosi</span> <span class='ocrx_word' id='word_1_12' title='bbox 1250 810 1341 875; x_wconf 90' lang='lat' dir='ltr'>ab</span> <span class='ocrx_word' id='word_1_13' title='bbox 1359 810 1718 876; x_wconf 85' lang='lat' dir='ltr'>Hadriano</span> <span class='ocrx_word' id='word_1_14' title='bbox 1745 829 1956 893; x_wconf 87' lang='lat' dir='ltr'>usque</span> <span class='ocrx_word' id='word_1_15' title='bbox 1988 808 2082 871; x_wconf 83' lang='lat' dir='ltr'>ad</span> <span class='ocrx_word' id='word_1_16' title='bbox 2104 805 2281 869; x_wconf 88' lang='lat' dir='ltr'>Gor-</span> 
     </span>
    </p>
   </div>
   <div class='ocr_carea' id='block_1_4' title="bbox 2093 507 2563 587">
    <p class='ocr_par' dir='ltr' id='par_1_4' title="bbox 2093 507 2563 587">
     <span class='ocr_line' id='line_1_4' title="bbox 2093 507 2563 587; baseline -0.004 -1"><span class='ocrx_word' id='word_1_17' title='bbox 2093 507 2563 587; x_wconf 84' lang='lat' dir='ltr'>LYDIA‘</span> 
     </span>
    </p>
   </div>
   <div class='ocr_carea' id='block_1_5' title="bbox 2467 701 3929 871">
    <p class='ocr_par' dir='ltr' id='par_1_5' title="bbox 2467 701 3909 871">
     <span class='ocr_line' id='line_1_5' title="bbox 2467 701 2841 797; baseline -0.015 -22"><span class='ocrx_word' id='word_1_18' title='bbox 2467 701 2841 797; x_wconf 54' lang='lat' dir='ltr'>barenses.-</span> 
     </span>
     <span class='ocr_line' id='line_1_6' title="bbox 2468 721 3929 871; baseline -0.001 0"><span class='ocrx_word' id='word_1_19' title='bbox 2468 808 2755 871; x_wconf 83' lang='grc' dir='ltr'><strong>ΓΑΙΟΤ.</strong></span> <span class='ocrx_word' id='word_1_20' title='bbox 2865 721 3929 871; x_wconf 50' lang='lat' dir='ltr'>A21N10r.110AA10N02.</span> 
     </span>
    </p>
   </div>
   <div class='ocr_carea' id='block_1_6' title="bbox 758 895 3929 992">
    <p class='ocr_par' dir='ltr' id='par_1_6' title="bbox 758 895 3929 992">
     <span class='ocr_line' id='line_1_7' title="bbox 758 895 3929 992; baseline -0.003 -16"><span class='ocrx_word' id='word_1_21' title='bbox 758 912 1055 976; x_wconf 88' lang='lat' dir='ltr'>dianum.</span> <span class='ocrx_word' id='word_1_22' title='bbox 1156 908 1264 971; x_wconf 90' lang='lat' dir='ltr'>De</span> <span class='ocrx_word' id='word_1_23' title='bbox 1302 907 1567 972; x_wconf 80' lang='lat' dir='ltr'>Vener&#39;e</span> <span class='ocrx_word' id='word_1_24' title='bbox 1599 905 1871 992; x_wconf 88' lang='lat' dir='ltr'>Paphia</span> <span class='ocrx_word' id='word_1_25' title='bbox 1892 904 2053 971; x_wconf 78' lang='lat' dir='ltr'>vide</span> <span class='ocrx_word' id='word_1_26' title='bbox 2085 901 2287 989; x_wconf 85' lang='lat' dir='ltr'>plura</span> <span class='ocrx_word' id='word_1_27' title='bbox 2371 901 2961 969; x_wconf 77' lang='grc' dir='ltr'><strong>ΛΝΘΤΠΛΤΟΤ.</strong></span> <span class='ocrx_word' id='word_1_28' title='bbox 3007 898 3078 961; x_wconf 91' lang='lat' dir='ltr'>in</span> <span class='ocrx_word' id='word_1_29' title='bbox 3121 895 3343 960; x_wconf 74' lang='lat' dir='ltr'>numia</span> <span class='ocrx_word' id='word_1_30' title='bbox 3390 897 3589 972; x_wconf 80' lang='lat' dir='ltr'>Drusi</span> <span class='ocrx_word' id='word_1_31' title='bbox 3632 904 3797 981; x_wconf 87' lang='lat' dir='ltr'>jun.</span> <span class='ocrx_word' id='word_1_32' title='bbox 3858 915 3929 966; x_wconf 89' lang='lat' dir='ltr'>et</span> 
     </span>
    </p>
   </div>
   <div class='ocr_carea' id='block_1_7' title="bbox 747 1002 2298 2142">
    <p class='ocr_par' dir='ltr' id='par_1_7' title="bbox 762 1002 1385 1090">
     <span class='ocr_line' id='line_1_8' title="bbox 762 1002 1385 1090; baseline -0.013 -19"><span class='ocrx_word' id='word_1_33' title='bbox 762 1009 835 1071; x_wconf 92' lang='lat' dir='ltr'>in</span> <span class='ocrx_word' id='word_1_34' title='bbox 865 1005 1107 1090; x_wconf 85' lang='lat' dir='ltr'>Papho</span> <span class='ocrx_word' id='word_1_35' title='bbox 1148 1002 1385 1087; x_wconf 82' lang='lat' dir='ltr'><strong>Cypri.</strong></span> 
     </span>
    </p>

    <p class='ocr_par' dir='ltr' id='par_1_8' title="bbox 760 1093 2288 1278">
     <span class='ocr_line' id='line_1_9' title="bbox 860 1093 2288 1187; baseline -0.006 -22"><span class='ocrx_word' id='word_1_36' title='bbox 860 1101 1064 1187; x_wconf 71' lang='lat' dir='ltr'>Caput</span> <span class='ocrx_word' id='word_1_37' title='bbox 1109 1097 1401 1164; x_wconf 75' lang='lat' dir='ltr'>Herculis</span> <span class='ocrx_word' id='word_1_38' title='bbox 1448 1094 1720 1163; x_wconf 73' lang='lat' dir='ltr'>imberbe</span> <span class='ocrx_word' id='word_1_39' title='bbox 1766 1093 2118 1163; x_wconf 72' lang='lat' dir='ltr'>laureatum</span> <span class='ocrx_word' id='word_1_40' title='bbox 2143 1144 2164 1175; x_wconf 88' lang='lat'>‚</span> <span class='ocrx_word' id='word_1_41' title='bbox 2213 1094 2288 1157; x_wconf 92' lang='lat' dir='ltr'>in</span> 
     </span>
     <span class='ocr_line' id='line_1_10' title="bbox 760 1193 2237 1278; baseline -0.002 -17"><span class='ocrx_word' id='word_1_42' title='bbox 760 1199 983 1264; x_wconf 81' lang='lat' dir='ltr'>numis</span> <span class='ocrx_word' id='word_1_43' title='bbox 1029 1193 1657 1278; x_wconf 75' lang='lat' dir='ltr'>Neronis.(1·laym</span> <span class='ocrx_word' id='word_1_44' title='bbox 1689 1195 1773 1256; x_wconf 92' lang='grc' dir='ltr'>Τ.</span> <span class='ocrx_word' id='word_1_45' title='bbox 1796 1194 1885 1257; x_wconf 88' lang='grc' dir='ltr'>ΙΙ.</span> <span class='ocrx_word' id='word_1_46' title='bbox 1913 1193 2054 1258; x_wconf 87' lang='lat' dir='ltr'>tab.</span> <span class='ocrx_word' id='word_1_47' title='bbox 2095 1193 2237 1268; x_wconf 81' lang='lat'>28.)</span> 
     </span>
    </p>

    <p class='ocr_par' dir='ltr' id='par_1_9' title="bbox 747 1287 2295 1946">
     <span class='ocr_line' id='line_1_11' title="bbox 853 1287 2288 1371; baseline -0.004 -17"><span class='ocrx_word' id='word_1_48' title='bbox 853 1290 962 1354; x_wconf 86' lang='lat' dir='ltr'>Est</span> <span class='ocrx_word' id='word_1_49' title='bbox 1010 1291 1121 1354; x_wconf 90' lang='lat' dir='ltr'>hic</span> <span class='ocrx_word' id='word_1_50' title='bbox 1171 1287 1547 1353; x_wconf 77' lang='lat' dir='ltr'>luculentus</span> <span class='ocrx_word' id='word_1_51' title='bbox 1607 1289 1934 1353; x_wconf 84' lang='lat' dir='ltr'>Hercules</span> <span class='ocrx_word' id='word_1_52' title='bbox 1991 1290 2057 1351; x_wconf 91' lang='lat' dir='ltr'><strong>T</strong></span> <span class='ocrx_word' id='word_1_53' title='bbox 2054 1306 2288 1371; x_wconf 72' lang='lat' dir='ltr'>ynua</span> 
     </span>
     <span class='ocr_line' id='line_1_12' title="bbox 762 1383 2293 1470; baseline -0.005 -19"><span class='ocrx_word' id='word_1_54' title='bbox 762 1390 949 1470; x_wconf 82' lang='lat' dir='ltr'>cujus</span> <span class='ocrx_word' id='word_1_55' title='bbox 986 1386 1172 1450; x_wconf 91' lang='lat' dir='ltr'>adeo</span> <span class='ocrx_word' id='word_1_56' title='bbox 1211 1385 1510 1447; x_wconf 82' lang='lat' dir='ltr'><strong>honores</strong></span> <span class='ocrx_word' id='word_1_57' title='bbox 1544 1405 1590 1448; x_wconf 90' lang='lat' dir='ltr'>a</span> <span class='ocrx_word' id='word_1_58' title='bbox 1624 1384 1974 1448; x_wconf 76' lang='lat' dir='ltr'>Sardianis</span> <span class='ocrx_word' id='word_1_59' title='bbox 2016 1383 2293 1448; x_wconf 75' lang='lat' dir='ltr'><strong>admissi</strong></span> 
     </span>
     <span class='ocr_line' id='line_1_13' title="bbox 766 1478 2292 1568; baseline -0.002 -24"><span class='ocrx_word' id='word_1_60' title='bbox 766 1483 914 1544; x_wconf 90' lang='lat' dir='ltr'>sunt</span> <span class='ocrx_word' id='word_1_61' title='bbox 945 1481 1225 1566; x_wconf 80' lang='lat' dir='ltr'><strong>perinde</strong></span> <span class='ocrx_word' id='word_1_62' title='bbox 1268 1499 1353 1544; x_wconf 86' lang='lat' dir='ltr'>ac</span> <span class='ocrx_word' id='word_1_63' title='bbox 1392 1481 1678 1568; x_wconf 69' lang='lat' dir='ltr'>Veneria</span> <span class='ocrx_word' id='word_1_64' title='bbox 1717 1478 2046 1564; x_wconf 75' lang='lat' dir='ltr'><strong>Paphiae.</strong></span> <span class='ocrx_word' id='word_1_65' title='bbox 2099 1480 2292 1543; x_wconf 83' lang='lat' dir='ltr'>Idem</span> 
     </span>
     <span class='ocr_line' id='line_1_14' title="bbox 762 1565 2125 1663; baseline -0.003 -22"><span class='ocrx_word' id='word_1_66' title='bbox 762 1590 970 1663; x_wconf 87' lang='lat' dir='ltr'>caput</span> <span class='ocrx_word' id='word_1_67' title='bbox 1011 1579 1220 1642; x_wconf 88' lang='lat' dir='ltr'>etiam</span> <span class='ocrx_word' id='word_1_68' title='bbox 1262 1575 1332 1639; x_wconf 92' lang='lat' dir='ltr'>in</span> <span class='ocrx_word' id='word_1_69' title='bbox 1370 1565 1761 1641; x_wconf 77' lang='lat' dir='ltr'>autonomis</span> <span class='ocrx_word' id='word_1_70' title='bbox 1803 1575 2125 1638; x_wconf 78' lang='lat' dir='ltr'>vidimus.</span> 
     </span>
     <span class='ocr_line' id='line_1_15' title="bbox 761 1669 2295 1760; baseline -0.003 -21"><span class='ocrx_word' id='word_1_71' title='bbox 761 1687 767 1693; x_wconf 78' lang='grc'><strong>’</strong></span> <span class='ocrx_word' id='word_1_72' title='bbox 878 1672 1006 1739; x_wconf 83' lang='lat' dir='ltr'>Vir</span> <span class='ocrx_word' id='word_1_73' title='bbox 1035 1670 1532 1760; x_wconf 69' lang='lat' dir='ltr'>barbatus-stans</span> <span class='ocrx_word' id='word_1_74' title='bbox 1562 1683 1676 1738; x_wconf 73' lang='lat' dir='ltr'>aut</span> <span class='ocrx_word' id='word_1_75' title='bbox 1692 1669 1915 1759; x_wconf 80' lang='lat' dir='ltr'>sedens</span> <span class='ocrx_word' id='word_1_76' title='bbox 1950 1670 2009 1736; x_wconf 88' lang='lat' dir='ltr'>d.</span> <span class='ocrx_word' id='word_1_77' title='bbox 2028 1669 2295 1757; x_wconf 73' lang='lat' dir='ltr'>fulmen,</span> 
     </span>
     <span class='ocr_line' id='line_1_16' title="bbox 747 1765 2294 1856; baseline -0.002 -24"><span class='ocrx_word' id='word_1_78' title='bbox 747 1769 809 1856; x_wconf 89' lang='lat' dir='ltr'>s.</span> <span class='ocrx_word' id='word_1_79' title='bbox 871 1768 1174 1855; x_wconf 77' lang='lat' dir='ltr'>infantem</span> <span class='ocrx_word' id='word_1_80' title='bbox 1230 1769 1430 1855; x_wconf 77' lang='lat' dir='ltr'>gestat</span> <span class='ocrx_word' id='word_1_81' title='bbox 1462 1815 1521 1846; x_wconf 80' lang='lat'>,-</span> <span class='ocrx_word' id='word_1_82' title='bbox 1562 1770 1635 1831; x_wconf 88' lang='lat' dir='ltr'>in</span> <span class='ocrx_word' id='word_1_83' title='bbox 1704 1768 1926 1830; x_wconf 71' lang='lat' dir='ltr'>numia</span> <span class='ocrx_word' id='word_1_84' title='bbox 1991 1765 2294 1830; x_wconf 85' lang='lat' dir='ltr'>Antinoi.</span> 
     </span>
     <span class='ocr_line' id='line_1_17' title="bbox 773 1861 1719 1946; baseline -0.005 -15"><span class='ocrx_word' id='word_1_85' title='bbox 773 1864 1005 1944; x_wconf 87' lang='lat' dir='ltr'>(Vaill.</span> <span class='ocrx_word' id='word_1_86' title='bbox 1037 1864 1258 1946; x_wconf 70' lang='lat' dir='ltr'>Patin.</span> <span class='ocrx_word' id='word_1_87' title='bbox 1292 1862 1463 1930; x_wconf 84' lang='lat' dir='ltr'>Mur.</span> <span class='ocrx_word' id='word_1_88' title='bbox 1501 1861 1719 1939; x_wconf 84' lang='lat' dir='ltr'>Caes.)</span> 
     </span>
    </p>

    <p class='ocr_par' dir='ltr' id='par_1_10' title="bbox 769 1957 2298 2142">
     <span class='ocr_line' id='line_1_18' title="bbox 864 1957 2296 2046; baseline -0.002 -21"><span class='ocrx_word' id='word_1_89' title='bbox 864 1959 1278 2025; x_wconf 79' lang='lat' dir='ltr'>Vaillantius</span> <span class='ocrx_word' id='word_1_90' title='bbox 1309 1958 1444 2022; x_wconf 91' lang='lat' dir='ltr'>hoc</span> <span class='ocrx_word' id='word_1_91' title='bbox 1472 1971 1645 2046; x_wconf 83' lang='lat' dir='ltr'>typo</span> <span class='ocrx_word' id='word_1_92' title='bbox 1682 1958 2049 2024; x_wconf 83' lang='lat' dir='ltr'>Saturnum</span> <span class='ocrx_word' id='word_1_93' title='bbox 2084 1957 2296 2023; x_wconf 87' lang='lat' dir='ltr'>credi·</span> 
     </span>
     <span class='ocr_line' id='line_1_19' title="bbox 769 2053 2298 2142; baseline -0.005 -19"><span class='ocrx_word' id='word_1_94' title='bbox 769 2055 875 2123; x_wconf 79' lang='lat' dir='ltr'>dit</span> <span class='ocrx_word' id='word_1_95' title='bbox 909 2054 1218 2120; x_wconf 86' lang='lat' dir='ltr'>exhiberi</span> <span class='ocrx_word' id='word_1_96' title='bbox 1241 2101 1263 2133; x_wconf 88' lang='lat'>‚</span> <span class='ocrx_word' id='word_1_97' title='bbox 1299 2056 1417 2137; x_wconf 87' lang='lat' dir='ltr'>qui</span> <span class='ocrx_word' id='word_1_98' title='bbox 1451 2056 1789 2119; x_wconf 78' lang='lat' dir='ltr'>devorare</span> <span class='ocrx_word' id='word_1_99' title='bbox 1824 2053 2040 2120; x_wconf 84' lang='lat' dir='ltr'>filium</span> <span class='ocrx_word' id='word_1_100' title='bbox 2068 2065 2298 2142; x_wconf 86' lang='lat' dir='ltr'>parat,</span> 
     </span>
    </p>
   </div>
   <div class='ocr_carea' id='block_1_8' title="bbox 578 2146 2301 2236">
    <p class='ocr_par' dir='ltr' id='par_1_11' title="bbox 578 2146 2301 2236">
     <span class='ocr_line' id='line_1_20' title="bbox 578 2146 2301 2236; baseline -0.005 -14"><span class='ocrx_word' id='word_1_101' title='bbox 578 2187 586 2200; x_wconf 83' lang='lat'><strong>·</strong></span> <span class='ocrx_word' id='word_1_102' title='bbox 642 2193 645 2196; x_wconf 16' lang='grc' dir='ltr'><strong>Δ</strong></span> <span class='ocrx_word' id='word_1_103' title='bbox 695 2228 703 2235; x_wconf 50' lang='lat'><strong><em>‚</em></strong></span> <span class='ocrx_word' id='word_1_104' title='bbox 772 2152 892 2218; x_wconf 85' lang='lat' dir='ltr'>sed</span> <span class='ocrx_word' id='word_1_105' title='bbox 937 2152 1166 2218; x_wconf 80' lang='lat' dir='ltr'>verius</span> <span class='ocrx_word' id='word_1_106' title='bbox 1211 2146 1302 2213; x_wconf 84' lang='lat' dir='ltr'>est</span> <span class='ocrx_word' id='word_1_107' title='bbox 1342 2150 1645 2236; x_wconf 89' lang='lat' dir='ltr'>Iuppiter</span> <span class='ocrx_word' id='word_1_108' title='bbox 1694 2152 2045 2216; x_wconf 88' lang='lat' dir='ltr'>Bacchum</span> <span class='ocrx_word' id='word_1_109' title='bbox 2101 2151 2301 2235; x_wconf 81' lang='lat' dir='ltr'>Pyri-</span> 
     </span>
    </p>
   </div>
   <div class='ocr_carea' id='block_1_9' title="bbox 776 2244 2320 4441">
    <p class='ocr_par' dir='ltr' id='par_1_12' title="bbox 776 2244 2317 3364">
     <span class='ocr_line' id='line_1_21' title="bbox 777 2244 2301 2336; baseline -0.001 -24"><span class='ocrx_word' id='word_1_110' title='bbox 777 2269 1081 2336; x_wconf 80' lang='lat' dir='ltr'>genem‚.</span> <span class='ocrx_word' id='word_1_111' title='bbox 1108 2246 1221 2309; x_wconf 88' lang='lat' dir='ltr'>seu</span> <span class='ocrx_word' id='word_1_112' title='bbox 1263 2245 1442 2310; x_wconf 89' lang='lat' dir='ltr'>inter</span> <span class='ocrx_word' id='word_1_113' title='bbox 1477 2245 1770 2311; x_wconf 80' lang='lat' dir='ltr'>fulmina</span> <span class='ocrx_word' id='word_1_114' title='bbox 1813 2248 2124 2323; x_wconf 85' lang='lat' dir='ltr'>enixum,</span> <span class='ocrx_word' id='word_1_115' title='bbox 2162 2244 2301 2310; x_wconf 83' lang='lat' dir='ltr'>finu</span> 
     </span>
     <span class='ocr_line' id='line_1_22' title="bbox 776 2341 2305 2425; baseline -0.002 -18"><span class='ocrx_word' id='word_1_116' title='bbox 776 2343 1051 2407; x_wconf 76' lang='lat' dir='ltr'>fovens.</span> <span class='ocrx_word' id='word_1_117' title='bbox 1146 2341 1326 2403; x_wconf 78' lang='lat' dir='ltr'>vide</span> <span class='ocrx_word' id='word_1_118' title='bbox 1351 2387 1372 2416; x_wconf 88' lang='lat'>,</span> <span class='ocrx_word' id='word_1_119' title='bbox 1425 2362 1602 2423; x_wconf 87' lang='lat' dir='ltr'>quae</span> <span class='ocrx_word' id='word_1_120' title='bbox 1634 2343 1770 2403; x_wconf 86' lang='lat' dir='ltr'>huc</span> <span class='ocrx_word' id='word_1_121' title='bbox 1806 2343 2182 2425; x_wconf 80' lang='lat' dir='ltr'>spectantia</span> <span class='ocrx_word' id='word_1_122' title='bbox 2210 2341 2305 2404; x_wconf 86' lang='lat' dir='ltr'>ad</span> 
     </span>
     <span class='ocr_line' id='line_1_23' title="bbox 778 2432 2303 2524; baseline -0.002 -21"><span class='ocrx_word' id='word_1_123' title='bbox 778 2436 1059 2503; x_wconf 76' lang='lat' dir='ltr'>similem</span> <span class='ocrx_word' id='word_1_124' title='bbox 1142 2432 1536 2499; x_wconf 85' lang='lat' dir='ltr'>Laodiceae</span> <span class='ocrx_word' id='word_1_125' title='bbox 1608 2435 1951 2524; x_wconf 82' lang='lat' dir='ltr'>Phrygiae</span> <span class='ocrx_word' id='word_1_126' title='bbox 2023 2455 2303 2500; x_wconf 88' lang='lat' dir='ltr'>numum</span> 
     </span>
     <span class='ocr_line' id='line_1_24' title="bbox 781 2529 2304 2610; baseline -0.002 -12"><span class='ocrx_word' id='word_1_127' title='bbox 781 2532 949 2598; x_wconf 91' lang='lat' dir='ltr'>olim</span> <span class='ocrx_word' id='word_1_128' title='bbox 988 2529 1367 2597; x_wconf 77' lang='lat' dir='ltr'>observavi.</span> <span class='ocrx_word' id='word_1_129' title='bbox 1399 2536 1455 2610; x_wconf 82' lang='lat'>¹)</span> <span class='ocrx_word' id='word_1_130' title='bbox 1554 2531 1916 2595; x_wconf 86' lang='lat' dir='ltr'>Praeclare</span> <span class='ocrx_word' id='word_1_131' title='bbox 1936 2530 2304 2596; x_wconf 86' lang='lat' dir='ltr'>secundum</span> 
     </span>
     <span class='ocr_line' id='line_1_25' title="bbox 777 2624 2304 2711; baseline -0.001 -18"><span class='ocrx_word' id='word_1_132' title='bbox 777 2628 961 2694; x_wconf 84' lang='lat' dir='ltr'>hunc</span> <span class='ocrx_word' id='word_1_133' title='bbox 997 2638 1239 2711; x_wconf 81' lang='lat' dir='ltr'>typum</span> <span class='ocrx_word' id='word_1_134' title='bbox 1276 2624 1577 2711; x_wconf 91' lang='lat' dir='ltr'>loquitur</span> <span class='ocrx_word' id='word_1_135' title='bbox 1614 2628 1700 2690; x_wconf 91' lang='lat' dir='ltr'>de</span> <span class='ocrx_word' id='word_1_136' title='bbox 1749 2627 1813 2690; x_wconf 88' lang='lat' dir='ltr'>se</span> <span class='ocrx_word' id='word_1_137' title='bbox 1854 2626 2015 2693; x_wconf 83' lang='lat' dir='ltr'>urbs</span> <span class='ocrx_word' id='word_1_138' title='bbox 2052 2627 2304 2692; x_wconf 69' lang='lat' dir='ltr'>Sardes</span> 
     </span>
     <span class='ocr_line' id='line_1_26' title="bbox 782 2717 2072 2810; baseline -0.002 -20"><span class='ocrx_word' id='word_1_139' title='bbox 782 2726 856 2790; x_wconf 84' lang='lat' dir='ltr'>iu</span> <span class='ocrx_word' id='word_1_140' title='bbox 896 2724 1389 2810; x_wconf 73' lang='lat' dir='ltr'>epigrammata</span> <span class='ocrx_word' id='word_1_141' title='bbox 1431 2724 1829 2789; x_wconf 88' lang='lat' dir='ltr'>Macedonii</span> <span class='ocrx_word' id='word_1_142' title='bbox 1852 2772 1871 2803; x_wconf 91' lang='lat'><strong>,</strong></span> <span class='ocrx_word' id='word_1_143' title='bbox 1905 2717 1961 2803; x_wconf 76' lang='grc' dir='ltr'>ι’)</span> <span class='ocrx_word' id='word_1_144' title='bbox 2060 2760 2072 2767; x_wconf 87' lang='grc'><em>·</em></span> 
     </span>
     <span class='ocr_line' id='line_1_27' title="bbox 800 2820 2308 2909; baseline 0 -24"><span class='ocrx_word' id='word_1_145' title='bbox 800 2874 807 2885; x_wconf 93' lang='grc'>.</span> <span class='ocrx_word' id='word_1_146' title='bbox 884 2831 1057 2902; x_wconf 83' lang='grc' dir='ltr'>Λυτη</span> <span class='ocrx_word' id='word_1_147' title='bbox 1098 2839 1204 2885; x_wconf 78' lang='grc' dir='ltr'>και</span> <span class='ocrx_word' id='word_1_148' title='bbox 1245 2822 1489 2908; x_wconf 72' lang='grc' dir='ltr'><strong>Βρομιῳ</strong></span> <span class='ocrx_word' id='word_1_149' title='bbox 1538 2839 1794 2905; x_wconf 67' lang='grc' dir='ltr'>γενομην</span> <span class='ocrx_word' id='word_1_150' title='bbox 1845 2823 2114 2909; x_wconf 81' lang='grc' dir='ltr'><em>τροφος,</em></span> <span class='ocrx_word' id='word_1_151' title='bbox 2146 2821 2208 2886; x_wconf 69' lang='grc' dir='ltr'>ἐν</span> <span class='ocrx_word' id='word_1_152' title='bbox 2242 2820 2308 2886; x_wconf 83' lang='grc' dir='ltr'>δε</span> 
     </span>
     <span class='ocr_line' id='line_1_28' title="bbox 1844 2935 2114 2999; baseline -0.004 -18"><span class='ocrx_word' id='word_1_153' title='bbox 1844 2935 2114 2999; x_wconf 63' lang='lat' dir='ltr'>nepotum</span> 
     </span>
     <span class='ocr_line' id='line_1_29' title="bbox 982 3009 2262 3099; baseline -0.002 -22"><span class='ocrx_word' id='word_1_154' title='bbox 982 3011 1268 3099; x_wconf 71' lang='grc' dir='ltr'><strong>Εδρακον</strong></span> <span class='ocrx_word' id='word_1_155' title='bbox 1311 3011 1603 3096; x_wconf 80' lang='grc' dir='ltr'><strong><em>ἐυρυτερῳ</em></strong></span> <span class='ocrx_word' id='word_1_156' title='bbox 1647 3009 1815 3088; x_wconf 80' lang='grc' dir='ltr'><strong><em>φωτι</em></strong></span> <span class='ocrx_word' id='word_1_157' title='bbox 1854 3012 2262 3092; x_wconf 67' lang='grc' dir='ltr'><strong>φαεινομενον.</strong></span> 
     </span>
     <span class='ocr_line' id='line_1_30' title="bbox 889 3102 2317 3196; baseline -0.005 -21"><span class='ocrx_word' id='word_1_158' title='bbox 889 3109 1039 3196; x_wconf 81' lang='lat' dir='ltr'>Ipsa</span> <span class='ocrx_word' id='word_1_159' title='bbox 1078 3108 1266 3169; x_wconf 78' lang='lat' dir='ltr'>etiam</span> <span class='ocrx_word' id='word_1_160' title='bbox 1304 3102 1553 3170; x_wconf 79' lang='lat' dir='ltr'>Baccho</span> <span class='ocrx_word' id='word_1_161' title='bbox 1574 3105 1686 3189; x_wconf 73' lang='lat' dir='ltr'>sui</span> <span class='ocrx_word' id='word_1_162' title='bbox 1725 3106 1993 3180; x_wconf 75' lang='lat' dir='ltr'>nutrix,</span> <span class='ocrx_word' id='word_1_163' title='bbox 2043 3115 2105 3167; x_wconf 72' lang='lat' dir='ltr'>et</span> <span class='ocrx_word' id='word_1_164' title='bbox 2150 3107 2317 3169; x_wconf 71' lang='lat' dir='ltr'>inter</span> 
     </span>
     <span class='ocr_line' id='line_1_31' title="bbox 1844 3196 2126 3283; baseline 0.004 -21"><span class='ocrx_word' id='word_1_165' title='bbox 1844 3196 2126 3283; x_wconf 73' lang='lat' dir='ltr'>fulmina</span> 
     </span>
     <span class='ocr_line' id='line_1_32' title="bbox 988 3291 2278 3365; baseline -0.003 -1"><span class='ocrx_word' id='word_1_166' title='bbox 988 3301 1160 3364; x_wconf 78' lang='lat' dir='ltr'>Eum</span> <span class='ocrx_word' id='word_1_167' title='bbox 1200 3293 1334 3361; x_wconf 69' lang='lat' dir='ltr'>vidi</span> <span class='ocrx_word' id='word_1_168' title='bbox 1368 3293 1594 3362; x_wconf 71' lang='lat' dir='ltr'>latiore</span> <span class='ocrx_word' id='word_1_169' title='bbox 1624 3291 1851 3359; x_wconf 71' lang='lat' dir='ltr'>tumim</span> <span class='ocrx_word' id='word_1_170' title='bbox 1885 3292 2278 3365; x_wconf 72' lang='lat' dir='ltr'>collucentem.</span> 
     </span>
    </p>

    <p class='ocr_par' dir='ltr' id='par_1_13' title="bbox 796 3390 2320 3668">
     <span class='ocr_line' id='line_1_33' title="bbox 894 3390 2317 3472; baseline -0.004 -11"><span class='ocrx_word' id='word_1_171' title='bbox 894 3392 1229 3472; x_wconf 84' lang='lat' dir='ltr'>Causam,</span> <span class='ocrx_word' id='word_1_172' title='bbox 1285 3412 1404 3456; x_wconf 89' lang='lat' dir='ltr'>cur</span> <span class='ocrx_word' id='word_1_173' title='bbox 1444 3393 1625 3456; x_wconf 88' lang='lat' dir='ltr'>hanc</span> <span class='ocrx_word' id='word_1_174' title='bbox 1660 3390 1966 3455; x_wconf 81' lang='lat' dir='ltr'>aversam</span> <span class='ocrx_word' id='word_1_175' title='bbox 2002 3392 2317 3456; x_wconf 88' lang='lat' dir='ltr'>Sardiani</span> 
     </span>
     <span class='ocr_line' id='line_1_34' title="bbox 798 3487 2320 3593; baseline -0.003 -33"><span class='ocrx_word' id='word_1_176' title='bbox 798 3513 952 3560; x_wconf 77' lang='lat' dir='ltr'>cum</span> <span class='ocrx_word' id='word_1_177' title='bbox 995 3491 1296 3557; x_wconf 83' lang='lat' dir='ltr'>Antinoo</span> <span class='ocrx_word' id='word_1_178' title='bbox 1333 3489 1837 3571; x_wconf 80' lang='lat' dir='ltr'>conjunxerint,</span> <span class='ocrx_word' id='word_1_179' title='bbox 1889 3487 2204 3554; x_wconf 75' lang='lat' dir='ltr'>dabimus</span> <span class='ocrx_word' id='word_1_180' title='bbox 2249 3490 2320 3593; x_wconf 85' lang='lat' dir='ltr'>in</span> 
     </span>
     <span class='ocr_line' id='line_1_35' title="bbox 796 3585 1673 3668; baseline -0.019 -11"><span class='ocrx_word' id='word_1_181' title='bbox 796 3590 1019 3657; x_wconf 65' lang='lat' dir='ltr'>&#39;numia</span> <span class='ocrx_word' id='word_1_182' title='bbox 1059 3588 1256 3668; x_wconf 68' lang='lat' dir='ltr'>hujus</span> <span class='ocrx_word' id='word_1_183' title='bbox 1285 3585 1538 3650; x_wconf 84' lang='lat' dir='ltr'>herois.</span> <span class='ocrx_word' id='word_1_184' title='bbox 1602 3636 1608 3641; x_wconf 84' lang='lat'>.</span> <span class='ocrx_word' id='word_1_185' title='bbox 1670 3608 1673 3613; x_wconf 95' lang='lat'>·</span> 
     </span>
    </p>

    <p class='ocr_par' dir='ltr' id='par_1_14' title="bbox 1347 3679 1573 3769">
     <span class='ocr_line' id='line_1_36' title="bbox 1542 3679 1573 3713; baseline 0 0"><span class='ocrx_word' id='word_1_186' title='bbox 1542 3679 1573 3713; x_wconf 59' lang='grc' dir='ltr'><em>Ω</em></span> 
     </span>
     <span class='ocr_line' id='line_1_37' title="bbox 1347 3723 1393 3769; baseline 0 0"><span class='ocrx_word' id='word_1_187' title='bbox 1347 3723 1393 3769; x_wconf 61' lang='lat' dir='ltr'>o</span> 
     </span>
    </p>

    <p class='ocr_par' dir='ltr' id='par_1_15' title="bbox 798 3734 2319 4441">
     <span class='ocr_line' id='line_1_38' title="bbox 895 3734 2318 3867; baseline 0 -23"><span class='ocrx_word' id='word_1_188' title='bbox 895 3781 1325 3867; x_wconf 65' lang='lat' dir='ltr'>Magssratus</span> <span class='ocrx_word' id='word_1_189' title='bbox 1359 3778 1429 3840; x_wconf 89' lang='lat' dir='ltr'>in</span> <span class='ocrx_word' id='word_1_190' title='bbox 1467 3734 1807 3842; x_wconf 66' lang='lat' dir='ltr'>nonnullis</span> <span class='ocrx_word' id='word_1_191' title='bbox 1850 3776 2154 3844; x_wconf 85' lang='lat' dir='ltr'>scribitur</span> <span class='ocrx_word' id='word_1_192' title='bbox 2187 3779 2318 3844; x_wconf 79' lang='lat' dir='ltr'>sine</span> 
     </span>
     <span class='ocr_line' id='line_1_39' title="bbox 799 3875 2316 3961; baseline -0.001 -17"><span class='ocrx_word' id='word_1_193' title='bbox 799 3879 1146 3945; x_wconf 81' lang='lat' dir='ltr'>mentione</span> <span class='ocrx_word' id='word_1_194' title='bbox 1211 3875 1581 3961; x_wconf 79' lang='lat' dir='ltr'>dignitatis.</span> <span class='ocrx_word' id='word_1_195' title='bbox 1678 3875 1831 3939; x_wconf 82' lang='lat' dir='ltr'>sic:</span> <span class='ocrx_word' id='word_1_196' title='bbox 1898 3877 2059 3941; x_wconf 74' lang='lat' dir='ltr'>em.</span> <span class='ocrx_word' id='word_1_197' title='bbox 2107 3878 2316 3942; x_wconf 83' lang='grc' dir='ltr'><strong>ΑΛΕ-</strong></span> 
     </span>
     <span class='ocr_line' id='line_1_40' title="bbox 800 3966 2319 4046; baseline -0.006 -1"><span class='ocrx_word' id='word_1_198' title='bbox 800 3975 1226 4046; x_wconf 82' lang='grc' dir='ltr'><strong>ΞΑΝΔΡΟΤ.</strong></span> <span class='ocrx_word' id='word_1_199' title='bbox 1266 3966 1708 4037; x_wconf 72' lang='grc' dir='ltr'><strong>ΚΛΕΩΝΟΕ.</strong></span> <span class='ocrx_word' id='word_1_200' title='bbox 1772 3969 1844 4034; x_wconf 88' lang='lat' dir='ltr'>in</span> <span class='ocrx_word' id='word_1_201' title='bbox 1874 3990 2081 4034; x_wconf 87' lang='lat' dir='ltr'>numo</span> <span class='ocrx_word' id='word_1_202' title='bbox 2123 3972 2319 4037; x_wconf 75' lang='lat' dir='ltr'>Drusi</span> 
     </span>
     <span class='ocr_line' id='line_1_41' title="bbox 798 4067 2312 4154; baseline 0.001 -21"><span class='ocrx_word' id='word_1_203' title='bbox 798 4074 937 4154; x_wconf 76' lang='lat' dir='ltr'>jun.</span> <span class='ocrx_word' id='word_1_204' title='bbox 973 4069 1235 4148; x_wconf 84' lang='lat' dir='ltr'>(Vaill.)</span> <span class='ocrx_word' id='word_1_205' title='bbox 1288 4067 1754 4147; x_wconf 80' lang='grc' dir='ltr'><strong>ΜΝΑΣΕΛΣ.</strong></span> <span class='ocrx_word' id='word_1_206' title='bbox 1778 4068 2312 4134; x_wconf 82' lang='grc' dir='ltr'><strong>ΣΑΡΔΙΑΝΩΝ.</strong></span> 
     </span>
     <span class='ocr_line' id='line_1_42' title="bbox 806 4164 2317 4242; baseline 0 -12"><span class='ocrx_word' id='word_1_207' title='bbox 806 4164 1216 4230; x_wconf 87' lang='lat' dir='ltr'>Germanici.</span> <span class='ocrx_word' id='word_1_208' title='bbox 1283 4164 1545 4242; x_wconf 87' lang='lat' dir='ltr'>(Vaill.)</span> <span class='ocrx_word' id='word_1_209' title='bbox 1630 4164 1803 4230; x_wconf 90' lang='grc' dir='ltr'><strong>ΕΠΙ.</strong></span> <span class='ocrx_word' id='word_1_210' title='bbox 1848 4165 2191 4232; x_wconf 87' lang='grc' dir='ltr'><strong>ΜΙΝΔΙΩ.</strong></span> <span class='ocrx_word' id='word_1_211' title='bbox 2237 4172 2317 4231; x_wconf 88' lang='lat' dir='ltr'>A.</span> 
     </span>
     <span class='ocr_line' id='line_1_43' title="bbox 804 4257 2317 4343; baseline -0.002 -16"><span class='ocrx_word' id='word_1_212' title='bbox 804 4262 958 4327; x_wconf 85' lang='lat' dir='ltr'>To.</span> <span class='ocrx_word' id='word_1_213' title='bbox 999 4263 1069 4326; x_wconf 88' lang='grc' dir='ltr'>Β.</span> <span class='ocrx_word' id='word_1_214' title='bbox 1121 4259 1459 4325; x_wconf 79' lang='lat' dir='ltr'>Octaviae</span> <span class='ocrx_word' id='word_1_215' title='bbox 1490 4259 1803 4325; x_wconf 74' lang='lat' dir='ltr'>Neronia.</span> <span class='ocrx_word' id='word_1_216' title='bbox 1856 4257 2125 4343; x_wconf 82' lang='lat' dir='ltr'>(Sestini</span> <span class='ocrx_word' id='word_1_217' title='bbox 2143 4262 2317 4326; x_wconf 86' lang='lat' dir='ltr'>Lett.</span> 
     </span>
     <span class='ocr_line' id='line_1_44' title="bbox 811 4354 1385 4441; baseline -0.012 -18"><span class='ocrx_word' id='word_1_218' title='bbox 811 4361 899 4423; x_wconf 90' lang='lat' dir='ltr'>T.</span> <span class='ocrx_word' id='word_1_219' title='bbox 925 4358 1042 4422; x_wconf 80' lang='lat' dir='ltr'>lv.</span> <span class='ocrx_word' id='word_1_220' title='bbox 1078 4376 1148 4441; x_wconf 88' lang='lat' dir='ltr'>p.</span> <span class='ocrx_word' id='word_1_221' title='bbox 1196 4354 1385 4439; x_wconf 80' lang='lat'>123.)</span> 
     </span>
    </p>
   </div>
   <div class='ocr_carea' id='block_1_10' title="bbox 2367 994 3916 4351">
    <p class='ocr_par' dir='ltr' id='par_1_16' title="bbox 2375 994 3764 1077">
     <span class='ocr_line' id='line_1_45' title="bbox 2375 994 3764 1077; baseline -0.004 -13"><span class='ocrx_word' id='word_1_222' title='bbox 2375 997 2766 1064; x_wconf 87' lang='lat' dir='ltr'>Germanici</span> <span class='ocrx_word' id='word_1_223' title='bbox 2796 999 3325 1076; x_wconf 78' lang='lat' dir='ltr'>conjunctorum.</span> <span class='ocrx_word' id='word_1_224' title='bbox 3381 994 3727 1077; x_wconf 83' lang='lat' dir='ltr'>(Motelli.</span> <span class='ocrx_word' id='word_1_225' title='bbox 3733 1005 3764 1073; x_wconf 86' lang='lat'><strong>)</strong></span> 
     </span>
    </p>

    <p class='ocr_par' dir='ltr' id='par_1_17' title="bbox 2377 1087 3916 1279">
     <span class='ocr_line' id='line_1_46' title="bbox 2471 1087 3916 1163; baseline 0.002 -5"><span class='ocrx_word' id='word_1_226' title='bbox 2471 1095 2578 1159; x_wconf 91' lang='lat' dir='ltr'>De</span> <span class='ocrx_word' id='word_1_227' title='bbox 2610 1093 2745 1155; x_wconf 91' lang='lat' dir='ltr'>hoc</span> <span class='ocrx_word' id='word_1_228' title='bbox 2767 1089 2843 1153; x_wconf 88' lang='lat' dir='ltr'>C.</span> <span class='ocrx_word' id='word_1_229' title='bbox 2869 1089 3094 1154; x_wconf 84' lang='lat' dir='ltr'>Asinio</span> <span class='ocrx_word' id='word_1_230' title='bbox 3111 1087 3423 1153; x_wconf 80' lang='lat' dir='ltr'>Pollione</span> <span class='ocrx_word' id='word_1_231' title='bbox 3457 1091 3620 1156; x_wconf 79' lang='lat' dir='ltr'>vide</span> <span class='ocrx_word' id='word_1_232' title='bbox 3651 1113 3916 1163; x_wconf 69' lang='lat' dir='ltr'>numos</span> 
     </span>
     <span class='ocr_line' id='line_1_47' title="bbox 2377 1187 2929 1279; baseline -0.009 -24"><span class='ocrx_word' id='word_1_233' title='bbox 2377 1191 2593 1279; x_wconf 80' lang='lat' dir='ltr'>gentis</span> <span class='ocrx_word' id='word_1_234' title='bbox 2638 1187 2929 1254; x_wconf 83' lang='lat' dir='ltr'>Afiniae.</span> 
     </span>
    </p>

    <p class='ocr_par' dir='ltr' id='par_1_18' title="bbox 2377 1284 3911 1831">
     <span class='ocr_line' id='line_1_48' title="bbox 2475 1284 3910 1357; baseline 0.003 -5"><span class='ocrx_word' id='word_1_235' title='bbox 2475 1287 2641 1352; x_wconf 78' lang='lat' dir='ltr'>cm.</span> <span class='ocrx_word' id='word_1_236' title='bbox 2677 1287 2747 1348; x_wconf 90' lang='grc' dir='ltr'>Β.</span> <span class='ocrx_word' id='word_1_237' title='bbox 2792 1284 3260 1351; x_wconf 79' lang='grc' dir='ltr'><strong>ΤΟΥΛΛΟΤ.</strong></span> <span class='ocrx_word' id='word_1_238' title='bbox 3309 1285 3910 1357; x_wconf 81' lang='grc' dir='ltr'><strong>ΑΝΘΤΠΑἾῸΤ.</strong></span> 
     </span>
     <span class='ocr_line' id='line_1_49' title="bbox 2367 1380 3911 1474; baseline 0.002 -28.02"><span class='ocrx_word' id='word_1_239' title='bbox 2367 1384 2454 1474; x_wconf 79' lang='lat' dir='ltr'>in</span> <span class='ocrx_word' id='word_1_240' title='bbox 2483 1399 2691 1445; x_wconf 87' lang='lat' dir='ltr'>numo</span> <span class='ocrx_word' id='word_1_241' title='bbox 2729 1380 3059 1462; x_wconf 87' lang='lat' dir='ltr'>Trajani‚</span> <span class='ocrx_word' id='word_1_242' title='bbox 3112 1400 3314 1465; x_wconf 89' lang='lat' dir='ltr'>quem</span> <span class='ocrx_word' id='word_1_243' title='bbox 3365 1380 3562 1445; x_wconf 86' lang='lat' dir='ltr'>citat</span> <span class='ocrx_word' id='word_1_244' title='bbox 3581 1384 3911 1469; x_wconf 73' lang='lat' dir='ltr'>Belleyus</span> 
     </span>
     <span class='ocr_line' id='line_1_50' title="bbox 2384 1474 3910 1560; baseline 0.005 -19"><span class='ocrx_word' id='word_1_245' title='bbox 2384 1499 2473 1543; x_wconf 88' lang='lat' dir='ltr'>ex</span> <span class='ocrx_word' id='word_1_246' title='bbox 2514 1475 2738 1540; x_wconf 87' lang='lat' dir='ltr'>museo</span> <span class='ocrx_word' id='word_1_247' title='bbox 2785 1475 3170 1556; x_wconf 87' lang='lat' dir='ltr'>Pellerinii‚</span> <span class='ocrx_word' id='word_1_248' title='bbox 3201 1475 3265 1560; x_wconf 54' lang='grc' dir='ltr'>Ε)</span> <span class='ocrx_word' id='word_1_249' title='bbox 3315 1474 3430 1538; x_wconf 83' lang='lat' dir='ltr'>red</span> <span class='ocrx_word' id='word_1_250' title='bbox 3474 1478 3549 1539; x_wconf 88' lang='lat' dir='ltr'>in</span> <span class='ocrx_word' id='word_1_251' title='bbox 3593 1483 3823 1545; x_wconf 67' lang='lat' dir='ltr'>numia</span> <span class='ocrx_word' id='word_1_252' title='bbox 3863 1503 3910 1547; x_wconf 75' lang='lat' dir='ltr'>a</span> 
     </span>
     <span class='ocr_line' id='line_1_51' title="bbox 2382 1572 3907 1659; baseline 0.003 -21"><span class='ocrx_word' id='word_1_253' title='bbox 2382 1572 2744 1639; x_wconf 87' lang='lat' dir='ltr'>Pellerinio</span> <span class='ocrx_word' id='word_1_254' title='bbox 2795 1572 2940 1657; x_wconf 87' lang='lat' dir='ltr'>ipso</span> <span class='ocrx_word' id='word_1_255' title='bbox 2985 1572 3183 1638; x_wconf 82' lang='lat' dir='ltr'>editis</span> <span class='ocrx_word' id='word_1_256' title='bbox 3228 1591 3368 1637; x_wconf 86' lang='lat' dir='ltr'>non</span> <span class='ocrx_word' id='word_1_257' title='bbox 3406 1577 3789 1659; x_wconf 81' lang='lat' dir='ltr'>reperitur,</span> <span class='ocrx_word' id='word_1_258' title='bbox 3840 1591 3907 1643; x_wconf 91' lang='lat' dir='ltr'>et</span> 
     </span>
     <span class='ocr_line' id='line_1_52' title="bbox 2383 1662 3908 1754; baseline 0.006 -22"><span class='ocrx_word' id='word_1_259' title='bbox 2383 1662 2715 1733; x_wconf 81' lang='lat' dir='ltr'>incertu’m</span> <span class='ocrx_word' id='word_1_260' title='bbox 2798 1670 3008 1734; x_wconf 89' lang='lat' dir='ltr'>etiam</span> <span class='ocrx_word' id='word_1_261' title='bbox 3039 1714 3063 1748; x_wconf 86' lang='lat'>,</span> <span class='ocrx_word' id='word_1_262' title='bbox 3163 1671 3316 1754; x_wconf 82' lang='lat' dir='ltr'>quis</span> <span class='ocrx_word' id='word_1_263' title='bbox 3378 1667 3587 1737; x_wconf 83' lang='lat' dir='ltr'>fuerit</span> <span class='ocrx_word' id='word_1_264' title='bbox 3650 1673 3767 1736; x_wconf 73' lang='lat' dir='ltr'>Iu&#39;c</span> <span class='ocrx_word' id='word_1_265' title='bbox 3833 1677 3908 1741; x_wconf 86' lang='grc' dir='ltr'>Β.</span> 
     </span>
     <span class='ocr_line' id='line_1_53' title="bbox 2387 1766 2853 1831; baseline -0.011 0"><span class='ocrx_word' id='word_1_266' title='bbox 2387 1766 2460 1831; x_wconf 87' lang='lat' dir='ltr'>T</span> <span class='ocrx_word' id='word_1_267' title='bbox 2464 1766 2853 1831; x_wconf 79' lang='grc' dir='ltr'><strong>ΟΥΛΛΟΣ.</strong></span> 
     </span>
    </p>

    <p class='ocr_par' dir='ltr' id='par_1_19' title="bbox 2380 1859 3908 2909">
     <span class='ocr_line' id='line_1_54' title="bbox 2481 1859 3904 1948; baseline 0.002 -21"><span class='ocrx_word' id='word_1_268' title='bbox 2481 1859 2748 1927; x_wconf 74' lang='lat' dir='ltr'>Archon</span> <span class='ocrx_word' id='word_1_269' title='bbox 2778 1860 3023 1948; x_wconf 84' lang='lat' dir='ltr'>legitur</span> <span class='ocrx_word' id='word_1_270' title='bbox 3057 1859 3448 1947; x_wconf 84' lang='lat' dir='ltr'>frequenter</span> <span class='ocrx_word' id='word_1_271' title='bbox 3481 1865 3640 1928; x_wconf 89' lang='lat' dir='ltr'>inde</span> <span class='ocrx_word' id='word_1_272' title='bbox 3680 1885 3725 1930; x_wconf 91' lang='lat' dir='ltr'>a</span> <span class='ocrx_word' id='word_1_273' title='bbox 3771 1866 3904 1930; x_wconf 83' lang='lat' dir='ltr'>Ne·</span> 
     </span>
     <span class='ocr_line' id='line_1_55' title="bbox 2385 1959 3901 2044; baseline 0.003 -22"><span class='ocrx_word' id='word_1_274' title='bbox 2385 1974 2554 2023; x_wconf 86' lang='lat' dir='ltr'>rone</span> <span class='ocrx_word' id='word_1_275' title='bbox 2617 1978 2829 2044; x_wconf 80' lang='lat' dir='ltr'>usque</span> <span class='ocrx_word' id='word_1_276' title='bbox 2898 1959 2992 2022; x_wconf 90' lang='lat' dir='ltr'>ad</span> <span class='ocrx_word' id='word_1_277' title='bbox 3055 1961 3330 2025; x_wconf 78' lang='lat' dir='ltr'>exitum.</span> <span class='ocrx_word' id='word_1_278' title='bbox 3481 1961 3593 2024; x_wconf 88' lang='lat' dir='ltr'>Sic</span> <span class='ocrx_word' id='word_1_279' title='bbox 3625 1983 3643 2025; x_wconf 71' lang='grc' dir='ltr'><strong><em>ε</em></strong></span> <span class='ocrx_word' id='word_1_280' title='bbox 3727 1963 3901 2027; x_wconf 87' lang='grc' dir='ltr'><strong>ΕΠΙ.</strong></span> 
     </span>
     <span class='ocr_line' id='line_1_56' title="bbox 2389 2055 3899 2132; baseline 0.001 -13"><span class='ocrx_word' id='word_1_281' title='bbox 2389 2055 2780 2121; x_wconf 82' lang='grc' dir='ltr'><strong>ΜΙΝΔΙΟΤ.</strong></span> <span class='ocrx_word' id='word_1_282' title='bbox 2819 2056 3010 2119; x_wconf 84' lang='grc' dir='ltr'><strong>ΑΡΧ.</strong></span> <span class='ocrx_word' id='word_1_283' title='bbox 3036 2060 3118 2118; x_wconf 82' lang='lat' dir='ltr'>A.</span> <span class='ocrx_word' id='word_1_284' title='bbox 3143 2055 3294 2120; x_wconf 92' lang='grc' dir='ltr'><strong>ΤΟ.</strong></span> <span class='ocrx_word' id='word_1_285' title='bbox 3328 2058 3399 2120; x_wconf 89' lang='grc' dir='ltr'><strong>Β.</strong></span> <span class='ocrx_word' id='word_1_286' title='bbox 3433 2057 3507 2119; x_wconf 87' lang='lat' dir='ltr'>in</span> <span class='ocrx_word' id='word_1_287' title='bbox 3541 2076 3742 2132; x_wconf 80' lang='lat' dir='ltr'>numo</span> <span class='ocrx_word' id='word_1_288' title='bbox 3769 2058 3899 2120; x_wconf 83' lang='lat' dir='ltr'>Ne-</span> 
     </span>
     <span class='ocr_line' id='line_1_57' title="bbox 2389 2148 3900 2236; baseline 0.003 -23"><span class='ocrx_word' id='word_1_289' title='bbox 2389 2152 2598 2215; x_wconf 76' lang='lat' dir='ltr'>ronis.</span> <span class='ocrx_word' id='word_1_290' title='bbox 2651 2148 3028 2236; x_wconf 82' lang='lat' dir='ltr'>(Pellerin.)</span> <span class='ocrx_word' id='word_1_291' title='bbox 3082 2151 3475 2216; x_wconf 78' lang='lat' dir='ltr'>Harduinus</span> <span class='ocrx_word' id='word_1_292' title='bbox 3513 2174 3583 2217; x_wconf 83' lang='grc' dir='ltr'>το</span> <span class='ocrx_word' id='word_1_293' title='bbox 3616 2155 3801 2219; x_wconf 84' lang='lat' dir='ltr'>APX.</span> <span class='ocrx_word' id='word_1_294' title='bbox 3832 2154 3900 2217; x_wconf 77' lang='lat' dir='ltr'>in</span> 
     </span>
     <span class='ocr_line' id='line_1_58' title="bbox 2391 2246 3899 2334; baseline 0.002 -25"><span class='ocrx_word' id='word_1_295' title='bbox 2391 2247 2614 2310; x_wconf 75' lang='lat' dir='ltr'>nuruis</span> <span class='ocrx_word' id='word_1_296' title='bbox 2668 2246 2864 2327; x_wconf 73' lang='lat' dir='ltr'>hujus</span> <span class='ocrx_word' id='word_1_297' title='bbox 2920 2246 3108 2310; x_wconf 72' lang='lat' dir='ltr'>urbia</span> <span class='ocrx_word' id='word_1_298' title='bbox 3166 2247 3396 2331; x_wconf 77' lang='lat' dir='ltr'>explet</span> <span class='ocrx_word' id='word_1_299' title='bbox 3436 2249 3720 2334; x_wconf 79' lang='lat' dir='ltr'>legendo</span> <span class='ocrx_word' id='word_1_300' title='bbox 3760 2251 3899 2312; x_wconf 81' lang='lat' dir='ltr'>AP-</span> 
     </span>
     <span class='ocr_line' id='line_1_59' title="bbox 2391 2341 3901 2426; baseline 0.003 -22"><span class='ocrx_word' id='word_1_301' title='bbox 2391 2345 2679 2426; x_wconf 80' lang='grc' dir='ltr'><em>Χιερευς,</em></span> <span class='ocrx_word' id='word_1_302' title='bbox 2729 2341 2841 2404; x_wconf 89' lang='lat' dir='ltr'>sed</span> <span class='ocrx_word' id='word_1_303' title='bbox 2887 2360 3250 2426; x_wconf 87' lang='lat' dir='ltr'>perperam</span> <span class='ocrx_word' id='word_1_304' title='bbox 3283 2390 3306 2419; x_wconf 86' lang='lat'>‚</span> <span class='ocrx_word' id='word_1_305' title='bbox 3372 2363 3536 2408; x_wconf 86' lang='lat' dir='ltr'>nam</span> <span class='ocrx_word' id='word_1_306' title='bbox 3590 2346 3660 2407; x_wconf 88' lang='lat' dir='ltr'>in</span> <span class='ocrx_word' id='word_1_307' title='bbox 3701 2364 3901 2409; x_wconf 88' lang='lat' dir='ltr'>numo</span> 
     </span>
     <span class='ocr_line' id='line_1_60' title="bbox 2395 2434 3901 2520; baseline 0.003 -20"><span class='ocrx_word' id='word_1_308' title='bbox 2395 2434 2799 2502; x_wconf 79' lang='lat' dir='ltr'>caracallae</span> <span class='ocrx_word' id='word_1_309' title='bbox 2835 2436 3099 2520; x_wconf 79' lang='lat' dir='ltr'>plenius</span> <span class='ocrx_word' id='word_1_310' title='bbox 3134 2437 3443 2501; x_wconf 84' lang='lat' dir='ltr'>scribitur</span> <span class='ocrx_word' id='word_1_311' title='bbox 3470 2442 3782 2508; x_wconf 85' lang='lat' dir='ltr'>APXON.</span> <span class='ocrx_word' id='word_1_312' title='bbox 3833 2443 3901 2504; x_wconf 83' lang='lat' dir='ltr'>In</span> 
     </span>
     <span class='ocr_line' id='line_1_61' title="bbox 2393 2532 3906 2618; baseline 0.005 -24"><span class='ocrx_word' id='word_1_313' title='bbox 2393 2550 2602 2596; x_wconf 86' lang='lat' dir='ltr'>numo</span> <span class='ocrx_word' id='word_1_314' title='bbox 2641 2532 2993 2598; x_wconf 86' lang='lat' dir='ltr'>Valeriani</span> <span class='ocrx_word' id='word_1_315' title='bbox 3034 2535 3230 2618; x_wconf 87' lang='lat' dir='ltr'>apud</span> <span class='ocrx_word' id='word_1_316' title='bbox 3264 2534 3703 2611; x_wconf 84' lang='lat' dir='ltr'>Pellerinium</span> <span class='ocrx_word' id='word_1_317' title='bbox 3745 2537 3906 2600; x_wconf 87' lang='lat' dir='ltr'>inso-</span> 
     </span>
     <span class='ocr_line' id='line_1_62' title="bbox 2396 2626 3905 2712; baseline 0.004 -23"><span class='ocrx_word' id='word_1_318' title='bbox 2396 2626 2541 2690; x_wconf 79' lang='lat' dir='ltr'>lens</span> <span class='ocrx_word' id='word_1_319' title='bbox 2582 2627 2993 2712; x_wconf 83' lang='lat' dir='ltr'>epigraphe:</span> <span class='ocrx_word' id='word_1_320' title='bbox 3060 2630 3223 2694; x_wconf 76' lang='lat' dir='ltr'>em.</span> <span class='ocrx_word' id='word_1_321' title='bbox 3281 2631 3905 2700; x_wconf 75' lang='grc' dir='ltr'><strong>ΔΟΜ.,ΡΟΤΦΟΊ“.</strong></span> 
     </span>
     <span class='ocr_line' id='line_1_63' title="bbox 2396 2724 3908 2795; baseline 0.005 -8"><span class='ocrx_word' id='word_1_322' title='bbox 2396 2724 2731 2790; x_wconf 81' lang='lat' dir='ltr'>ACIAPX.</span> <span class='ocrx_word' id='word_1_323' title='bbox 2772 2726 2858 2789; x_wconf 90' lang='lat' dir='ltr'>K.</span> <span class='ocrx_word' id='word_1_324' title='bbox 2899 2726 3138 2791; x_wconf 72' lang='lat' dir='ltr'>Tlo‘r.</span> <span class='ocrx_word' id='word_1_325' title='bbox 3175 2725 3269 2791; x_wconf 93' lang='grc' dir='ltr'><strong>Τ.</strong></span> <span class='ocrx_word' id='word_1_326' title='bbox 3303 2727 3470 2792; x_wconf 84' lang='lat' dir='ltr'>ACI.</span> <span class='ocrx_word' id='word_1_327' title='bbox 3513 2729 3705 2794; x_wconf 79' lang='lat' dir='ltr'>APx.</span> <span class='ocrx_word' id='word_1_328' title='bbox 3743 2735 3821 2795; x_wconf 82' lang='lat' dir='ltr'>A.</span> <span class='ocrx_word' id='word_1_329' title='bbox 3850 2738 3908 2794; x_wconf 76' lang='lat' dir='ltr'>et</span> 
     </span>
     <span class='ocr_line' id='line_1_64' title="bbox 2380 2817 3498 2909; baseline 0.006 -26"><span class='ocrx_word' id='word_1_330' title='bbox 2380 2820 2523 2908; x_wconf 81' lang='lat' dir='ltr'>filio</span> <span class='ocrx_word' id='word_1_331' title='bbox 2561 2817 2901 2909; x_wconf 71' lang='lat' dir='ltr'>Asiarchae</span> <span class='ocrx_word' id='word_1_332' title='bbox 2935 2818 3229 2888; x_wconf 64' lang='lat' dir='ltr'>arestone</span> <span class='ocrx_word' id='word_1_333' title='bbox 3257 2826 3498 2908; x_wconf 71' lang='lat' dir='ltr'>primo.</span> 
     </span>
    </p>

    <p class='ocr_par' dir='ltr' id='par_1_20' title="bbox 2400 2917 3910 4351">
     <span class='ocr_line' id='line_1_65' title="bbox 2496 2917 3908 3001; baseline 0.005 -21"><span class='ocrx_word' id='word_1_334' title='bbox 2496 2917 2778 2980; x_wconf 80' lang='lat' dir='ltr'>Praetor</span> <span class='ocrx_word' id='word_1_335' title='bbox 2834 2917 2905 2979; x_wconf 91' lang='lat' dir='ltr'>in</span> <span class='ocrx_word' id='word_1_336' title='bbox 2960 2917 3226 3001; x_wconf 88' lang='lat' dir='ltr'>aliquot</span> <span class='ocrx_word' id='word_1_337' title='bbox 3272 2919 3749 2983; x_wconf 83' lang='lat' dir='ltr'>Sardianorum</span> <span class='ocrx_word' id='word_1_338' title='bbox 3789 2943 3908 2988; x_wconf 86' lang='lat' dir='ltr'>nu·</span> 
     </span>
     <span class='ocr_line' id='line_1_66' title="bbox 2401 3010 3910 3095; baseline 0.008 -25"><span class='ocrx_word' id='word_1_339' title='bbox 2401 3010 2533 3072; x_wconf 83' lang='lat' dir='ltr'>mis</span> <span class='ocrx_word' id='word_1_340' title='bbox 2595 3010 2879 3095; x_wconf 85' lang='lat' dir='ltr'>legitur:</span> <span class='ocrx_word' id='word_1_341' title='bbox 2954 3011 3117 3077; x_wconf 86' lang='grc' dir='ltr'><strong>ΕΠΙ.</strong></span> <span class='ocrx_word' id='word_1_342' title='bbox 3189 3015 3382 3080; x_wconf 86' lang='lat' dir='ltr'>CTP.</span> <span class='ocrx_word' id='word_1_343' title='bbox 3427 3017 3910 3082; x_wconf 74' lang='grc' dir='ltr'>ΛΡΙΕΤΟΦΑ-</span> 
     </span>
     <span class='ocr_line' id='line_1_67' title="bbox 2403 3104 3910 3196; baseline 0.007 -29"><span class='ocrx_word' id='word_1_344' title='bbox 2403 3104 2660 3172; x_wconf 74' lang='grc' dir='ltr'><strong>ΝυΤΕ.</strong></span> <span class='ocrx_word' id='word_1_345' title='bbox 2693 3107 2763 3169; x_wconf 90' lang='lat' dir='ltr'>in</span> <span class='ocrx_word' id='word_1_346' title='bbox 2783 3110 2994 3171; x_wconf 79' lang='lat' dir='ltr'>&#39;numo</span> <span class='ocrx_word' id='word_1_347' title='bbox 3027 3110 3327 3189; x_wconf 88' lang='lat' dir='ltr'>Aurelii,</span> <span class='ocrx_word' id='word_1_348' title='bbox 3365 3132 3564 3195; x_wconf 85' lang='lat' dir='ltr'>quem</span> <span class='ocrx_word' id='word_1_349' title='bbox 3593 3112 3910 3196; x_wconf 72' lang='lat' dir='ltr'>Belleyua</span> 
     </span>
     <span class='ocr_line' id='line_1_68' title="bbox 2408 3201 3904 3275; baseline 0.009 -13"><span class='ocrx_word' id='word_1_350' title='bbox 2408 3219 2495 3265; x_wconf 80' lang='lat' dir='ltr'>ex</span> <span class='ocrx_word' id='word_1_351' title='bbox 2552 3201 2909 3267; x_wconf 90' lang='lat' dir='ltr'>Harduino</span> <span class='ocrx_word' id='word_1_352' title='bbox 2969 3204 3284 3270; x_wconf 86' lang='lat' dir='ltr'>hauserit.</span> <span class='ocrx_word' id='word_1_353' title='bbox 3395 3208 3783 3274; x_wconf 87' lang='lat' dir='ltr'>Pellerinius</span> <span class='ocrx_word' id='word_1_354' title='bbox 3835 3212 3904 3275; x_wconf 87' lang='lat' dir='ltr'>in</span> 
     </span>
     <span class='ocr_line' id='line_1_69' title="bbox 2408 3300 3900 3386; baseline 0.007 -28"><span class='ocrx_word' id='word_1_355' title='bbox 2408 3308 2784 3363; x_wconf 87' lang='lat' dir='ltr'>autonomo</span> <span class='ocrx_word' id='word_1_356' title='bbox 2820 3300 3014 3386; x_wconf 87' lang='lat' dir='ltr'>legit:</span> <span class='ocrx_word' id='word_1_357' title='bbox 3068 3303 3325 3368; x_wconf 87' lang='lat' dir='ltr'>CTPA.</span> <span class='ocrx_word' id='word_1_358' title='bbox 3349 3304 3512 3369; x_wconf 82' lang='grc' dir='ltr'><strong>ΕΙΟ.</strong></span> <span class='ocrx_word' id='word_1_359' title='bbox 3534 3309 3900 3371; x_wconf 80' lang='grc' dir='ltr'><strong>ΛΙΒΩΝΙΑ-</strong></span> 
     </span>
     <span class='ocr_line' id='line_1_70' title="bbox 2406 3395 3901 3483; baseline 0.006 -26"><span class='ocrx_word' id='word_1_360' title='bbox 2406 3395 2466 3457; x_wconf 70' lang='lat' dir='ltr'>l&#39;-.</span> <span class='ocrx_word' id='word_1_361' title='bbox 2474 3395 2607 3459; x_wconf 81' lang='lat' dir='ltr'>OT.</span> <span class='ocrx_word' id='word_1_362' title='bbox 2680 3398 2788 3459; x_wconf 88' lang='lat' dir='ltr'>An</span> <span class='ocrx_word' id='word_1_363' title='bbox 2819 3395 2930 3460; x_wconf 91' lang='lat' dir='ltr'>hic</span> <span class='ocrx_word' id='word_1_364' title='bbox 2969 3396 3387 3483; x_wconf 84' lang='lat' dir='ltr'>magistratus</span> <span class='ocrx_word' id='word_1_365' title='bbox 3419 3402 3606 3465; x_wconf 91' lang='lat' dir='ltr'>idem</span> <span class='ocrx_word' id='word_1_366' title='bbox 3640 3403 3901 3465; x_wconf 83' lang='lat' dir='ltr'>cumLi-</span> 
     </span>
     <span class='ocr_line' id='line_1_71' title="bbox 2409 3489 3900 3576; baseline 0.007 -23"><span class='ocrx_word' id='word_1_367' title='bbox 2409 3489 2711 3556; x_wconf 89' lang='lat' dir='ltr'>boniano</span> <span class='ocrx_word' id='word_1_368' title='bbox 2734 3540 2755 3571; x_wconf 87' lang='lat'>‚</span> <span class='ocrx_word' id='word_1_369' title='bbox 2801 3495 2917 3576; x_wconf 88' lang='lat' dir='ltr'>qui</span> <span class='ocrx_word' id='word_1_370' title='bbox 2946 3515 2991 3558; x_wconf 90' lang='lat' dir='ltr'>a</span> <span class='ocrx_word' id='word_1_371' title='bbox 3020 3493 3392 3559; x_wconf 86' lang='lat' dir='ltr'>Vaillantio</span> <span class='ocrx_word' id='word_1_372' title='bbox 3413 3516 3499 3560; x_wconf 83' lang='lat' dir='ltr'>ex</span> <span class='ocrx_word' id='word_1_373' title='bbox 3519 3517 3722 3562; x_wconf 89' lang='lat' dir='ltr'>numo</span> <span class='ocrx_word' id='word_1_374' title='bbox 3744 3500 3804 3561; x_wconf 92' lang='grc' dir='ltr'>Τ</span> <span class='ocrx_word' id='word_1_375' title='bbox 3803 3518 3900 3563; x_wconf 86' lang='lat' dir='ltr'>ra·</span> 
     </span>
     <span class='ocr_line' id='line_1_72' title="bbox 2400 3588 3902 3671; baseline 0.006 -21"><span class='ocrx_word' id='word_1_376' title='bbox 2400 3589 2546 3671; x_wconf 88' lang='lat' dir='ltr'>jani</span> <span class='ocrx_word' id='word_1_377' title='bbox 2583 3588 2667 3652; x_wconf 84' lang='lat' dir='ltr'>fic</span> <span class='ocrx_word' id='word_1_378' title='bbox 2707 3588 3129 3653; x_wconf 87' lang='lat' dir='ltr'>describitur:</span> <span class='ocrx_word' id='word_1_379' title='bbox 3197 3592 3329 3655; x_wconf 88' lang='grc' dir='ltr'>ΑΡ.</span> <span class='ocrx_word' id='word_1_380' title='bbox 3381 3596 3489 3657; x_wconf 90' lang='lat'>10.</span> <span class='ocrx_word' id='word_1_381' title='bbox 3532 3598 3902 3659; x_wconf 80' lang='grc' dir='ltr'><strong>ΛΙΒΩΝΙΛ-</strong></span> 
     </span>
     <span class='ocr_line' id='line_1_73' title="bbox 2406 3685 3905 3776; baseline 0.005 -27"><span class='ocrx_word' id='word_1_382' title='bbox 2406 3687 2614 3750; x_wconf 80' lang='grc' dir='ltr'><strong>ΝΟΤ.</strong></span> <span class='ocrx_word' id='word_1_383' title='bbox 2655 3699 2723 3748; x_wconf 90' lang='lat' dir='ltr'>et</span> <span class='ocrx_word' id='word_1_384' title='bbox 2758 3685 2873 3770; x_wconf 88' lang='lat' dir='ltr'>qui</span> <span class='ocrx_word' id='word_1_385' title='bbox 2909 3686 3085 3750; x_wconf 87' lang='lat' dir='ltr'>adeo</span> <span class='ocrx_word' id='word_1_386' title='bbox 3125 3687 3423 3772; x_wconf 83' lang='lat' dir='ltr'>archon,</span> <span class='ocrx_word' id='word_1_387' title='bbox 3479 3709 3615 3753; x_wconf 89' lang='lat' dir='ltr'>non</span> <span class='ocrx_word' id='word_1_388' title='bbox 3647 3703 3905 3776; x_wconf 84' lang='lat' dir='ltr'>praetor</span> 
     </span>
     <span class='ocr_line' id='line_1_74' title="bbox 2411 3781 3904 3873; baseline 0.003 -30"><span class='ocrx_word' id='word_1_389' title='bbox 2411 3782 2698 3844; x_wconf 77' lang='lat' dir='ltr'>dicitur?</span> <span class='ocrx_word' id='word_1_390' title='bbox 2746 3784 2853 3844; x_wconf 86' lang='lat' dir='ltr'>An</span> <span class='ocrx_word' id='word_1_391' title='bbox 2892 3781 3216 3847; x_wconf 84' lang='lat' dir='ltr'>Sardibus</span> <span class='ocrx_word' id='word_1_392' title='bbox 3252 3784 3511 3849; x_wconf 86' lang='lat' dir='ltr'>archon</span> <span class='ocrx_word' id='word_1_393' title='bbox 3548 3800 3617 3849; x_wconf 86' lang='lat' dir='ltr'>et</span> <span class='ocrx_word' id='word_1_394' title='bbox 3646 3801 3904 3873; x_wconf 87' lang='lat' dir='ltr'>praetor</span> 
     </span>
     <span class='ocr_line' id='line_1_75' title="bbox 2407 3878 3906 3966; baseline 0.004 -25"><span class='ocrx_word' id='word_1_395' title='bbox 2407 3878 2591 3943; x_wconf 88' lang='lat' dir='ltr'>idem</span> <span class='ocrx_word' id='word_1_396' title='bbox 2649 3889 2799 3941; x_wconf 86' lang='lat' dir='ltr'>erat</span> <span class='ocrx_word' id='word_1_397' title='bbox 2829 3922 2851 3955; x_wconf 91' lang='lat'>‚</span> <span class='ocrx_word' id='word_1_398' title='bbox 2922 3890 2991 3940; x_wconf 89' lang='lat' dir='ltr'>et</span> <span class='ocrx_word' id='word_1_399' title='bbox 3046 3891 3325 3962; x_wconf 87' lang='lat' dir='ltr'>uterque</span> <span class='ocrx_word' id='word_1_400' title='bbox 3382 3885 3762 3966; x_wconf 85' lang='lat' dir='ltr'>promiscue</span> <span class='ocrx_word' id='word_1_401' title='bbox 3809 3902 3906 3947; x_wconf 79' lang='lat' dir='ltr'>ac-</span> 
     </span>
     <span class='ocr_line' id='line_1_76' title="bbox 2409 3972 3902 4064; baseline 0.003 -25"><span class='ocrx_word' id='word_1_402' title='bbox 2409 3987 2642 4058; x_wconf 80' lang='lat' dir='ltr'>ceptus</span> <span class='ocrx_word' id='word_1_403' title='bbox 2668 4020 2686 4050; x_wconf 87' lang='lat'>,</span> <span class='ocrx_word' id='word_1_404' title='bbox 2723 3973 2807 4035; x_wconf 88' lang='lat' dir='ltr'>de</span> <span class='ocrx_word' id='word_1_405' title='bbox 2838 3991 2974 4055; x_wconf 91' lang='lat' dir='ltr'>quo</span> <span class='ocrx_word' id='word_1_406' title='bbox 3001 3977 3150 4057; x_wconf 88' lang='lat' dir='ltr'>jure</span> <span class='ocrx_word' id='word_1_407' title='bbox 3184 3975 3453 4041; x_wconf 83' lang='lat' dir='ltr'>dubitat</span> <span class='ocrx_word' id='word_1_408' title='bbox 3468 3979 3829 4064; x_wconf 75' lang='lat' dir='ltr'>Belleyus?</span> <span class='ocrx_word' id='word_1_409' title='bbox 3852 3972 3902 4057; x_wconf 63' lang='grc' dir='ltr'>ἆ)</span> 
     </span>
     <span class='ocr_line' id='line_1_77' title="bbox 2412 4069 3904 4160; baseline 0.003 -26"><span class='ocrx_word' id='word_1_410' title='bbox 2412 4069 2610 4134; x_wconf 84' lang='lat' dir='ltr'>Certe</span> <span class='ocrx_word' id='word_1_411' title='bbox 2659 4069 2840 4132; x_wconf 88' lang='lat' dir='ltr'>idem</span> <span class='ocrx_word' id='word_1_412' title='bbox 2877 4088 3120 4134; x_wconf 88' lang='lat' dir='ltr'>numos</span> <span class='ocrx_word' id='word_1_413' title='bbox 3171 4071 3369 4136; x_wconf 84' lang='lat' dir='ltr'>binos</span> <span class='ocrx_word' id='word_1_414' title='bbox 3421 4076 3627 4153; x_wconf 86' lang='lat' dir='ltr'>citat,</span> <span class='ocrx_word' id='word_1_415' title='bbox 3676 4077 3749 4138; x_wconf 89' lang='lat' dir='ltr'>in</span> <span class='ocrx_word' id='word_1_416' title='bbox 3781 4076 3904 4160; x_wconf 89' lang='lat' dir='ltr'>qui·</span> 
     </span>
     <span class='ocr_line' id='line_1_78' title="bbox 2413 4163 3907 4251; baseline 0.005 -23"><span class='ocrx_word' id='word_1_417' title='bbox 2413 4165 2540 4228; x_wconf 85' lang='lat' dir='ltr'>bus</span> <span class='ocrx_word' id='word_1_418' title='bbox 2585 4181 2752 4227; x_wconf 79' lang='lat' dir='ltr'>unus</span> <span class='ocrx_word' id='word_1_419' title='bbox 2785 4163 3101 4249; x_wconf 87' lang='lat' dir='ltr'>idemque</span> <span class='ocrx_word' id='word_1_420' title='bbox 3137 4168 3247 4232; x_wconf 78' lang='lat' dir='ltr'>vir</span> <span class='ocrx_word' id='word_1_421' title='bbox 3289 4169 3479 4233; x_wconf 83' lang='lat' dir='ltr'>simul</span> <span class='ocrx_word' id='word_1_422' title='bbox 3523 4173 3815 4251; x_wconf 88' lang='lat' dir='ltr'>archon,</span> <span class='ocrx_word' id='word_1_423' title='bbox 3845 4171 3907 4235; x_wconf 84' lang='lat' dir='ltr'>fi·</span> 
     </span>
     <span class='ocr_line' id='line_1_79' title="bbox 2415 4260 3910 4351; baseline 0.005 -28"><span class='ocrx_word' id='word_1_424' title='bbox 2415 4260 2554 4323; x_wconf 86' lang='lat' dir='ltr'>mul</span> <span class='ocrx_word' id='word_1_425' title='bbox 2590 4271 2866 4344; x_wconf 89' lang='lat' dir='ltr'>praetor</span> <span class='ocrx_word' id='word_1_426' title='bbox 2899 4261 3180 4341; x_wconf 88' lang='lat' dir='ltr'>dicitur,</span> <span class='ocrx_word' id='word_1_427' title='bbox 3236 4276 3305 4328; x_wconf 88' lang='lat' dir='ltr'>et</span> <span class='ocrx_word' id='word_1_428' title='bbox 3340 4269 3614 4351; x_wconf 88' lang='lat' dir='ltr'>quidem</span> <span class='ocrx_word' id='word_1_429' title='bbox 3651 4289 3910 4333; x_wconf 85' lang='lat' dir='ltr'>numum</span> 
     </span>
    </p>
   </div>
   <div class='ocr_carea' id='block_1_11' title="bbox 2416 4354 3912 4435">
    <p class='ocr_par' dir='ltr' id='par_1_21' title="bbox 2416 4354 3912 4435">
     <span class='ocr_line' id='line_1_80' title="bbox 2416 4354 3912 4435; baseline 0.007 -14"><span class='ocrx_word' id='word_1_430' title='bbox 2416 4354 2860 4422; x_wconf 81' lang='lat' dir='ltr'>caracallae:</span> <span class='ocrx_word' id='word_1_431' title='bbox 2912 4358 3076 4424; x_wconf 76' lang='lat' dir='ltr'>cm.</span> <span class='ocrx_word' id='word_1_432' title='bbox 3129 4361 3384 4432; x_wconf 87' lang='lat' dir='ltr'>CTPA.</span> <span class='ocrx_word' id='word_1_433' title='bbox 3421 4368 3622 4432; x_wconf 91' lang='lat' dir='ltr'>KOP.</span> <span class='ocrx_word' id='word_1_434' title='bbox 3657 4367 3912 4435; x_wconf 65' lang='lat' dir='ltr'>OTG&#39;R</span> 
     </span>
    </p>
   </div>
   <div class='ocr_carea' id='block_1_12' title="bbox 813 4494 3935 4529">
    <p class='ocr_par' dir='ltr' id='par_1_22' title="bbox 813 4494 3935 4529">
     <span class='ocr_line' id='line_1_81' title="bbox 813 4494 3935 4529; baseline 0 971"><span class='ocrx_word' id='word_1_435' title='bbox 813 4494 3935 4529; x_wconf 95' lang='lat' dir='ltr'> </span> 
     </span>
    </p>
   </div>
   <div class='ocr_carea' id='block_1_13' title="bbox 777 4564 2708 4659">
    <p class='ocr_par' dir='ltr' id='par_1_23' title="bbox 777 4564 2708 4659">
     <span class='ocr_line' id='line_1_82' title="bbox 777 4564 2708 4659; baseline 0.011 -47"><span class='ocrx_word' id='word_1_436' title='bbox 777 4604 786 4612; x_wconf 94' lang='lat'>.</span> <span class='ocrx_word' id='word_1_437' title='bbox 878 4571 934 4638; x_wconf 60' lang='grc' dir='ltr'>ι)</span> <span class='ocrx_word' id='word_1_438' title='bbox 973 4568 1141 4625; x_wconf 73' lang='lat' dir='ltr'>Num.</span> <span class='ocrx_word' id='word_1_439' title='bbox 1180 4576 1287 4624; x_wconf 77' lang='lat' dir='ltr'>vet.</span> <span class='ocrx_word' id='word_1_440' title='bbox 1322 4583 1380 4642; x_wconf 81' lang='lat' dir='ltr'>p.</span> <span class='ocrx_word' id='word_1_441' title='bbox 1420 4579 1541 4637; x_wconf 76' lang='lat'>²49·</span> <span class='ocrx_word' id='word_1_442' title='bbox 1676 4564 1733 4635; x_wconf 81' lang='lat' dir='ltr'>b)</span> <span class='ocrx_word' id='word_1_443' title='bbox 1771 4567 1992 4624; x_wconf 77' lang='lat' dir='ltr'>Brunek</span> <span class='ocrx_word' id='word_1_444' title='bbox 2032 4566 2202 4629; x_wconf 65' lang='lat' dir='ltr'>Anni.</span> <span class='ocrx_word' id='word_1_445' title='bbox 2239 4567 2307 4623; x_wconf 88' lang='lat' dir='ltr'>T.</span> <span class='ocrx_word' id='word_1_446' title='bbox 2347 4568 2451 4625; x_wconf 89' lang='lat'>111.</span> <span class='ocrx_word' id='word_1_447' title='bbox 2487 4584 2546 4659; x_wconf 82' lang='lat' dir='ltr'>p,</span> <span class='ocrx_word' id='word_1_448' title='bbox 2587 4586 2708 4634; x_wconf 74' lang='lat'>220.</span> 
     </span>
    </p>
   </div>
   <div class='ocr_carea' id='block_1_14' title="bbox 2850 4575 3920 4665">
    <p class='ocr_par' dir='ltr' id='par_1_24' title="bbox 2850 4575 3920 4665">
     <span class='ocr_line' id='line_1_83' title="bbox 2850 4575 3920 4665; baseline 0.013 -32"><span class='ocrx_word' id='word_1_449' title='bbox 2850 4577 2901 4648; x_wconf 84' lang='lat' dir='ltr'>e)</span> <span class='ocrx_word' id='word_1_450' title='bbox 2936 4575 2977 4641; x_wconf 84' lang='grc'>1.</span> <span class='ocrx_word' id='word_1_451' title='bbox 3015 4593 3064 4645; x_wconf 77' lang='lat' dir='ltr'>e,</span> <span class='ocrx_word' id='word_1_452' title='bbox 3097 4597 3155 4655; x_wconf 84' lang='lat' dir='ltr'>p.</span> <span class='ocrx_word' id='word_1_453' title='bbox 3197 4597 3314 4651; x_wconf 77' lang='lat'>¹27·</span> <span class='ocrx_word' id='word_1_454' title='bbox 3451 4581 3509 4653; x_wconf 63' lang='lat' dir='ltr'>d)</span> <span class='ocrx_word' id='word_1_455' title='bbox 3548 4583 3586 4643; x_wconf 86' lang='lat' dir='ltr'>i.</span> <span class='ocrx_word' id='word_1_456' title='bbox 3623 4604 3669 4645; x_wconf 83' lang='lat' dir='ltr'>e.</span> <span class='ocrx_word' id='word_1_457' title='bbox 3707 4604 3766 4665; x_wconf 85' lang='lat' dir='ltr'>p.</span> <span class='ocrx_word' id='word_1_458' title='bbox 3809 4591 3920 4652; x_wconf 77' lang='lat'>128.</span> 
     </span>
    </p>
   </div>
   <div class='ocr_carea' id='block_1_15' title="bbox 4073 289 4086 1719">
    <p class='ocr_par' dir='ltr' id='par_1_25' title="bbox 4073 289 4086 1719">
     <span class='ocr_line' id='line_1_84' title="bbox 4073 289 4086 1719; baseline 0 0"><span class='ocrx_word' id='word_1_459' title='bbox 4073 289 4086 1719; x_wconf 95' lang='lat' dir='ltr'> </span> 
     </span>
    </p>
   </div>
   <div class='ocr_carea' id='block_1_16' title="bbox 4075 3547 4083 4412">
    <p class='ocr_par' dir='ltr' id='par_1_26' title="bbox 4075 3547 4083 4412">
     <span class='ocr_line' id='line_1_85' title="bbox 4075 3547 4083 4412; baseline 0 0"><span class='ocrx_word' id='word_1_460' title='bbox 4075 3547 4083 4412; x_wconf 95' lang='lat' dir='ltr'> </span> 
     </span>
    </p>
   </div>
  </div>
 </body>
</html>
