4125 5500
875 569 1025 641 514

885 767 1071 824 rum,
1125 749 1193 811 in
1248 769 1537 832 quorum
1601 761 1749 812 tum
1817 748 2144 836 potestate
2216 763 2407 827 erat,

887 846 1178 928 gratiam
1222 858 1575 930 captaret,
1625 865 1858 907 eorum
1911 845 2041 909 sese
2108 850 2406 919 amicum

881 935 972 1000 est
1013 938 1390 1022 proficuus,
1445 954 1513 1003 et
1583 962 1821 1026 parum
1877 942 2189 1027 prospere
2258 941 2404 1005 suas

879 1033 1009 1097 sese
1063 1048 1380 1115 „acturum
1455 1056 1562 1100 res
1635 1037 1965 1120 speravit,
2038 1037 2079 1099 fi
2145 1049 2404 1101 tantum

887 1133 1236 1214 utriusque
1280 1132 1552 1217 Augusti
1591 1145 1733 1195 tum
1793 1133 2188 1218 imperantis
2260 1132 2403 1196 effi-

885 1226 1063 1310 giem
1109 1240 1424 1293 monetae
1455 1227 1778 1302 inferret,
1831 1227 1946 1290 nist
1983 1228 2227 1293 iisdem
2283 1227 2402 1293 ob·

885 1321 1128 1405 sequiis
1173 1337 1527 1407 utramque
1621 1323 1969 1386 mulierem
2039 1323 2406 1411 Augustam

881 1420 1248 1499 mactando
1301 1420 1425 1483 has
1468 1439 1737 1505 quoque
1795 1420 1865 1481 in
1908 1432 2136 1505 partes
2182 1420 2404 1485 trahe-

881 1529 1011 1580 ret.
1112 1516 1418 1600 Denique
1480 1537 1563 1578 ne
1617 1535 1752 1579 non
1809 1527 1990 1578 totus
2053 1517 2403 1580 Romanus

882 1613 1287 1688 haberetur,
1343 1611 1601 1695 placuit
1656 1623 1872 1673 totum
1917 1625 2234 1677 monetae
2270 1614 2403 1675 Ro-

885 1728 1130 1787 manae
1167 1708 1443 1770 modum
1479 1707 1805 1772 adhibitis
1833 1710 2039 1770 etiam
2062 1711 2247 1793 typis
2274 1710 2404 1773 Ro-

885 1805 1105 1869 manis
1166 1802 1475 1883 servare,
1529 1802 1610 1866 lic
1649 1816 1759 1880 ut,
1814 1802 1928 1865 nisi
1973 1815 2238 1866 vetaret
2267 1805 2407 1886 epi-

885 1899 1178 1985 graphe,
1228 1919 1363 1965 non
1427 1899 1642 1982 poss‘es
1691 1897 1818 1960 hos
1876 1917 2118 1960 numos
2181 1919 2227 1961 a
2272 1899 2406 1961 Ro·

881 1996 1108 2062 manis
1163 1997 1301 2076 ejus
1370 1995 1526 2057 aevi
1612 1994 1906 2056 denariis
1993 1993 2405 2069 discernere,

889 2111 1058 2174 quas
1110 2109 1344 2153 omnes
1401 2087 1744 2175 peristases
1799 2088 2013 2152 habes
2067 2092 2273 2152 etiam
2339 2090 2407 2151 in

894 2189 1115 2253 numis
1148 2186 1394 2253 ΥΠΕΡ.
1435 2186 1732 2253 NlKHC.
1781 2198 1908 2249 etc.
1952 2202 2124 2268 quos
2172 2186 2406 2250 citavi.

1270 542 2372 642 MEsoPoTAMm,
2470 547 2903 671 REGES
3000 549 3639 630 EDEssAE.

2498 750 2798 816 rAPOC.
2856 750 3059 836 Caput
3087 752 3294 836 sumile.
3348 753 3491 817 AE2
3536 752 3667 816 111.
3716 752 3921 839 (wire
3938 777 3986 841 p.

2494 846 2832 1008 3og'i‘3nilis
2869 944 3146 1032 adversa.
3200 950 3259 1018 x
3308 950 3391 1007 A.
3448 949 3636 1007 AIA.
3675 944 3986 1008 CCILAB·

2494 1040 2790 1105 rAPOC.
2844 1040 3047 1124 Caput
3066 1042 3287 1127 fimile.
3386 1039 3534 1101 ΛΕ.

2491 1230 2705 1315 (Tab.
2747 1232 2829 1297 V.
2868 1250 2936 1297 n.
2974 1228 3080 1314 3.)

2588 1326 2973 1411 Imperante
3013 1325 3268 1390 Severo
3309 1323 3711 1401 Osrhoenis
3768 1324 3985 1411 praefu-

2491 1419 2683 1484 fuiss‘e
2734 1422 3118 1507 Abgarum,
3178 1420 3455 1484 historia
3496 1422 3729 1485 docet
3761 1469 3779 1499 ‚
3830 1444 3985 1505 quen

2494 1515 2676 1579 bello
2730 1518 3014 1581 adortus
3046 1515 3137 1579 est
3185 1517 3477 1581 Severus
3506 1565 3527 1594 ‚
3588 1520 3771 1601 quia
3812 1540 3851 1581 a
3898 1519 3984 1581 Ni·

2488 1633 2610 1698 gro
2648 1612 2834 1678 stetit.
2938 1616 2999 1675 A
3027 1613 3389 1698 Spartiano
3432 1624 3504 1673 et
3566 1616 3857 1677 Victore
3894 1636 3983 1698 pa·

2489 1729 2634 1771 rum
2658 1710 2985 1777 concinne
3002 1710 3338 1795 Persarum
3366 1728 3489 1772 rex
3510 1709 3807 1784 dicitur,
3891 1711 3982 1771 Re·

2490 1806 2890 1869 conciliatus
2930 1818 3159 1868 tamen
3190 1807 3648 1888 imperatori,
3708 1807 3985 1869 Romam-

2491 1921 2622 1984 que
2659 1898 3008 1987 profectus
3050 1899 3405 1986 magnifice
3454 1899 3546 1962 ab
3592 1902 3743 1964 hoc
3788 1903 3989 1985 recipi·

2491 2008 2617 2059 tur.
2718 1996 2930 2076 Hujus
2998 1997 3237 2060 causa.
3285 1995 3833 2061 benevolentiae
3902 1997 3988 2060 ad-

2492 2092 2747 2177 optass'e
2788 2092 3076 2176 Septimii
3098 2112 3346 2155 nomen
3385 2092 3690 2160 videtur.
3804 2097 3861 2156 A
3896 2091 3987 2155 Ca·

2491 2189 2776 2266 racalla,
2828 2208 2964 2272 quo
3005 2190 3061 2251 is
3101 2201 3410 2275 tempore
3442 2188 3737 2251 Parthis
3786 2189 3990 2252 benun

2482 1135 2693 1217 Apud
2738 1136 3077 1217 Bayerum
3110 1135 3318 1198 titulis
3366 1038 3990 1221 praefigitiuraglgg

2488 2284 2752 2360 intulit,
2803 2286 2872 2346 in
2919 2285 3192 2348 vincula
3239 2286 3586 2363 conjectus
3628 2282 3767 2361 est,
3822 2302 3985 2368 regno

2492 2381 2558 2442 in
2628 2379 3055 2465 provinciam
3097 2381 3401 2444 redacto.
3536 2379 3623 2442 In
3684 2398 3991 2445 marmore

2494 2472 2758 2538 Graeco
2797 2494 3011 2561 prope
3086 2477 3383 2538 Romam
3437 2488 3777 2559 reperto,
3845 2473 3987 2558 quod

2496 2568 2647 2655 postv
2702 2571 2877 2635 alios
2930 2574 3176 2635 recitat
3238 2573 3551 2654 Bayerus
3592 2618 3615 2645 ‚
3696 2571 3988 2657 legimus.

2493 2668 2911 2730 Antoninum
2967 2667 3221 2753 Abgari
3261 2669 3435 2753 regis
3494 2666 3717 2729 filium
3786 2665 3993 2730 dediffe

2494 2764 2827 2828 tumulum
2876 2763 3072 2827 fratri
3130 2764 3458 2848 Abgaro,
3534 2783 3723 2838 anno
3782 2765 3993 2826 aetatis

2499 2860 2737 2923 XXVI.
2756 2872 3050 2926 mortuo,
3074 2859 3439 2922 Verisimile
3457 2859 3765 2936 videtur,
3781 2873 3993 2921 utrum·

943 2377 1593 2446 coMMoDVS
1633 2389 1696 2443 ιι
1772 2348 2359 2446 ABGAR'VS.

991 2571 1336 2639 κΛιεΑΡ.
1360 2575 1500 2637 Ao.
1523 2554 1968 2637 KOMO'AOC.
2007 2570 2210 2656 Caput
2228 2571 2410 2636 com-

888 2668 1056 2733 modi
1108 2667 1270 2731 laur.
1370 2674 1427 2741 κ
1475 2666 1920 2733 BAClACTC.
1993 2666 2410 2733 ABFAPOC.

893 2766 1094 2850 Caput
1131 2763 1394 2848 Abgari
1432 2768 1626 2830 mitra
1669 2766 1898 2828 conica.
1929 2774 2174 2828 tectum.
2270 2763 2412 2828 AF..

887 2862 1009 2936 ΙΙΙ,
1054 2860 1257 2943 (Mus.
1298 2858 1484 2924 Caes.
1537 2857 1975 2940 Pembrock.)

985 2957 1274 3018 Videtur
1325 2956 1649 3020 rarissimi
1695 2956 1886 3033 hujus
1946 2955 2134 3018 numi
2187 2951 2412 3039 Abga-
2499 2974 2631 3037 que
2669 2952 2949 3018 fratrem
3003 2954 3191 3018 fuiss'e
3224 2954 3439 3018 filium
3487 2954 3763 3038 Abgari
3792 2951 3997 3022 nostri.

891 3071 1001 3115 rus
1046 3052 1171 3113 ess'e
1203 3050 1382 3113 idem
1409 3099 1428 3128 ,
1482 3054 1598 3135 qui
1640 3052 1882 3113 deinde
1917 3053 1985 3114 in
2032 3051 2248 3114 numis
2296 3051 2418 3114 Se·
2498 3063 2704 3134 atque
2741 3064 2810 3113 ut
2847 3050 2958 3113 hic
3008 3050 3125 3113 fibi
3168 3070 3411 3114 nomen
3480 3051 3783 3133 Septimis·
3832 3050 3986 3111 addi·

895 3149 1042 3210 veri
1080 3148 1323 3210 dicitur
1355 3154 1438 3212 A.
1497 3151 1674 3210 AIA.
1744 3147 1936 3210 cen.
2000 3146 2417 3212 ABFAPOC.
2501 3148 2642 3223 dit,
2696 3145 2780 3209 fic
2812 3145 2954 3208 filio
2992 3166 3235 3210 nomen
3272 3147 3594 3211 Antonini
3618 3192 3642 3225 ,
3713 3143 3988 3229 exemplo

898 3243 1233 3318 Nimirum
1286 3243 1356 3304 in
1407 3243 1696 3327 gratiam
1749 3240 2117 3305 Commodi
2152 3242 2213 3304 se
2247 3242 2419 3304 dixit
2500 3242 2733 3304 Severi
2770 3243 3058 3308 eandem
3101 3241 3241 3303 filio
3280 3244 3781 3328 apellationem
3820 3240 3983 3303 tribn-

895 3339 975 3406 L.
1015 3339 1301 3417 Aelium,
1369 3339 1436 3403 in
1502 3339 1794 3426 gratiam
1869 3339 2111 3401 deinde
2186 3336 2421 3400 Severi
2502 3339 2693 3418 entis.
2810 3337 3018 3402 Forte
3062 3337 3437 3400 Antoninus
3490 3339 3607 3401 hic
3654 3339 3833 3400 idem
3882 3332 3989 3404 est.

895 3437 1283 3522 Septimium.
1387 3435 1574 3498 Idem
1617 3432 1802 3496 sentit
1860 3435 2068 3498 etiam
2134 3434 2221 3504 cl.
2275 3434 2419 3497 Wi·
2504 3454 2703 3518 quem
2752 3453 2796 3497 a
2834 3431 3183 3497 Gordiano
3231 3434 3547 3519 recepiffe
3616 3453 3887 3518 regnan
3917 3435 3995 3493 in·

903 3534 1015 3610 se,
1066 3530 1131 3614 ⁸)
1185 3544 1251 3594 et
1286 3533 1619 3617 BayeruS,
1673 3517 1733 3610 ¹²)
2500 3529 2611 3592 fra
2652 3530 2978 3598 dicemus
3316 3549 3325 3560 ·

2600 3626 2881 3688 Praeter
2914 3623 3257 3688 historiam
3296 3627 3485 3688 numi
3522 3646 3822 3710 quoqne,
3848 3641 3987 3707 quos

2506 3723 2715 3785 modo
2764 3711 3095 3798 recensui,
3176 3722 3529 3807 Abgarum
3606 3724 3855 3786 Severo
3900 3739 3991 3782 ae·

2490 3816 2785 3901 ,qua-lem·
2809 3817 3128 3884 sanciunt.
3232 3820 3336 3881 Ex
3369 3818 3475 3880 his
3511 3820 3866 3903 praecipue
3892 3835 3991 3878 no·

1002 3913 1460 3980 ΑΤΤΟΚΡΛ.
1515 3909 1936 3979 ΕΕΥΗΡΟΕ.
1993 3916 2168 3980 (ΖΕΒ.
2205 3925 2316 3979 aut
2330 3916 2423 3999 s
2504 3914 2752 3976 tandus
2783 3914 3068 3990 tertius,
3121 3915 3237 3998 qui
3285 3913 3567 3998 Abgaro
3625 3915 3893 3975 nomina
3934 3912 3991 3975 L.

903 4013 1148 4077 militer.
1181 4011 1384 4094 Caput
1403 4008 1627 4072 Severa·
1662 4011 1825 4074 laur.
1877 4017 1934 4084 κ
1967 4012 2422 4078 ΒΑΕΙΛΕΤΕ.
2506 4009 2676 4078 Aetia·
2713 4010 2999 4092 Septimii
3034 4011 3233 4072 indit.
3337 4009 3408 4073 L.
3446 4008 3619 4076 Aelii
3670 4011 3927 4073 nomina
3958 4026 3990 4068 a

913 4108 1321 4174 ABFAPOC.
1448 4106 1648 4216 Capiat
1727 4105 1994 4189 Abgari
2053 4111 2249 4171 mitra
2335 4115 2426 4184 tq·
2509 4104 2894 4172 Commodo
2936 4118 3142 4189 capta
3188 4105 3387 4190 supra
3440 4103 3793 4168 verifimile
3848 4105 3993 4171 din.

907 4218 1113 4282 ctum,
1159 4223 1319 4288 prae
1383 4224 1501 4287 quo
1566 4204 1632 4264 in
1719 4199 2030 4288 aliquibus
2091 4201 2424 4290 sceptrum.
2509 4202 2711 4282 Quod
2750 4202 2840 4266 ad
2876 4201 3165 4285 Septimii
3216 4221 3467 4264 nomen
3512 4202 3791 4276 attinet,
3860 4219 3989 4261 con-

904 4303 1041 4366 AE.
1085 4300 1207 4365 111.
1261 4299 1471 4384 (Mus.
1517 4295 1737 4378 Caes.)
1845 4357 1850 4372 ,
2509 4297 2719 4382 spirat
2755 4298 3027 4378 quidem
3094 4294 3459 4380 Dionysius
3505 4293 3985 4362 Telmarienlis

1004 4397 1247 4461 Similis
1279 4393 1558 4480 advensa.
1609 4400 1665 4468 π
1717 4393 1995 4458 BACIA.
2044 4393 2245 4461 ΜΕΓ.
2288 4396 2424 4458 AB·
2512 4395 2625 4476 qui
2661 4394 2730 4456 in
2778 4379 3132 4456 annalibus
3172 4391 3518 4478 Abgarum
3546 4393 3837 4458 Severum
3862 4407 3983 4476 pro·

912 4523 3983 4560 -ῇ--ι--ῲ--ο--ῲ--ἑ--ι--ψ-’ῄ

980 4605 1034 4669 a)
1077 4599 1217 4653 Mus.
1257 4598 1424 4655 Bodl.
1458 4619 1515 4672 p.
1551 4606 1674 4669 306,
1871 4601 1928 4670 b)
1965 4604 2004 4661 l,
2044 4620 2090 4654 c.
2128 4621 2185 4674 p.
2234 4617 2345 4670 174.

1016 3681 1550 3790 SEVERVS
1611 3731 1670 3785 ιι
1715 3687 2294 3789 ABGARVS.
