4125 5500
1417 559 2090 640 ,PHRYG1A.

203 768 306 828 vir
339 773 396 828 et
439 764 658 829 mulier
689 762 884 830 medio
915 785 1170 851 corpore
1204 765 1522 850 exstantes.
1574 769 1717 833 Ex-

199 871 307 925 tra
343 879 479 926 eam
518 860 695 926 vultu
737 861 944 947 averso
971 864 1310 947 procedunt
1344 861 1566 930 mulier
1578 867 1716 952 sto-

199 957 329 1021 lata
359 1005 381 1034 ,
432 968 491 1021 et
523 961 627 1022 vir
659 959 826 1046 quast
850 958 1017 1045 sago
1051 959 1309 1025 indutus
1333 1009 1355 1041 ‚
1393 961 1715 1027 dexteram

199 1053 376 1118 ambo
410 1053 775 1118 attollentes.
873 1065 1083 1122 Areae
1132 1057 1411 1143 operculo
1449 1059 1715 1145 supera

197 1152 302 1238 ms
282 1151 398 1236 stat
424 1150 711 1226 avicula,
763 1150 902 1215 inde
937 1152 1139 1218 altera
1185 1156 1253 1218 in
1295 1174 1444 1218 aare
1477 1154 1714 1220 librata

180 1249 357 1311 -oleae
378 1268 627 1312 ramum
650 1246 968 1332 unguibus
981 1251 1286 1338 stringit,
1321 1270 1426 1315 ar
1413 1271 1505 1315 we
1516 1251 1713 1337 fron-

805 1383 827 1396 ·
882 1384 904 1399 ·
954 1349 1022 1410 in
1061 1348 1186 1412 alio
1223 1351 1432 1431 magis
1462 1351 1711 1434 integro

284 1536 549 1599 Numus
578 1535 692 1598 hic
726 1535 990 1601 exstat
972 1560 1040 1602 m
1073 1540 1299 1603 museo
1341 1540 1528 1626 regio
1555 1538 1712 1605 Gal-

191 1631 479 1706 liarum,
532 1632 710 1696 unde
750 1646 1025 1718 captum
1056 1648 1350 1721 ectypon
1388 1637 1710 1722 Seguinus

192 1725 591 1791 Gottifredo
618 1729 913 1796 Romam
948 1732 1155 1810 milit,
1190 1731 1467 1795 subinde
1492 1733 1709 1796 aFal-

189 1825 473 1887 coneric
511 1823 787 1887 suae-de
829 1846 1034 1893 numo
1089 1827 1460 1912 Apamensr
1489 1828 1709 1891 differ-

185 1921 436 1982 tationi
468 1919 801 1991 insertum.
905 1925 1152 1986 Verum
1184 1942 1321 1987 non
1354 1924 1509 1987 satis
1545 1924 1711 1988 illud

185 2012 377 2077 fuiss'e
424 2014 625 2078 fidele
652 2060 672 2092 ,
726 2036 809 2078 ex
852 2038 934 2079 eo
972 2032 1206 2104 patet,
1280 2022 1464 2103 quod
1508 2040 1711 2085 arcae

187 2110 578 2197 inscriptum
629 2114 1093 2196 praetenditur
1139 2116 1471 2181 ΝΗΤΩΝ
1501 2165 1521 2194 ‚
1577 2137 1711 2200 quo

185 2203 474 2283 factum,
499 2219 574 2269 ut
598 2207 1036 2274 Falconerius
1053 2259 1073 2288 ‚
1093 2214 1437 2296 jungendo
1460 2214 1713 2277 dictum

189 2302 524 2368 NHTQN
582 2323 735 2366 cum
783 2310 1235 2390 praecedente
1285 2310 1714 2376 ΑΡΤΕΜΑΓ

164 2397 557 2464 ,conficeret
615 2387 1082 2486 epigraphen:
1157 2404 1320 2468 cni.
1380 2405 1709 2470 ΑΓΩΝΟ-
1776 2443 1789 2448 -

185 2493 525 2558 ΘΕΤΟΤ.
574 2494 837 2561 ΑΡΤΕ.
895 2498 1437 2568 ΜΑΓΝΗΤΩΝ.
1492 2503 1710 2564 ΑΠΑ-

182 2587 465 2652 ΜΕΩΝ.
514 2587 649 2653 Sub
682 2591 1064 2675 agonotheta
1096 2595 1285 2660 Arte·
1334 2593 1712 2678 Magnetum

178 2683 645 2772 Apamettfium.
742 2688 1002 2753 Numus
1069 2691 1253 2755 idem
1313 2709 1402 2753 ex
1469 2690 1713 2752 eodem

183 2780 422 2857 muiseo
462 2780 564 2843 bis
594 2780 724 2845 fuit
755 2782 1124 2863 restitutus,
1165 2786 1455 2870 primum
1491 2785 1558 2847 in
1596 2805 1711 2850 nu·

183 2877 318 2940 mis
362 2896 549 2938 max.
592 2879 774 2942 mod.
802 2881 978 2963 regis
1014 2878 1432 2959 Galliarum,
1469 2881 1713 2945 iterum

184 2993 231 3035 a
279 2972 660 3036 Vaillantio
703 2975 771 3036 in
824 2977 1045 3039 numis
1096 2975 1374 3040 Graecis
1420 2978 1711 3061 impera)-

179 3081 462 3144 ωηατ,
515 3068 876 3152 utrobique
934 3091 1060 3155 pro
1115 3072 1446 3136 ΝΗΤΩΝ
1508 3088 1711 3136 arcae

176 3163 577 3248 inscriptum
633 3167 1100 3249 praetenditur
1132 3167 1396 3232 ΝΕΩΚ.
1497 3168 1711 3250 Hujus

182 3260 389 3324 causa
428 3260 764 3344 consultus
810 3261 1331 3346 Barthelemyus
1370 3263 1714 3351 respondit

179 3358 251 3421 in
289 3354 622 3442 epistola,
675 3377 883 3447 quam
930 3356 1115 3421 infra
1170 3358 1440 3437 citab0,
1507 3362 1580 3424 in
1628 3382 1710 3426 eo

178 3473 393 3518 numo
461 3473 683 3538 neque
726 3455 1097 3531 ΝΗΤΩΝ,
1174 3475 1391 3539 neque
1443 3457 1710 3522 ΝΕΩΚ.

178 3549 359 3635 legi,
390 3548 505 3614 red
527 3556 863 3635 apparere
883 3550 1094 3613 solum
1118 3549 1183 3612 N
1208 3551 1415 3616 exefis
1437 3553 1710 3638 [equen-

180 3645 388 3713 tibus,
498 3645 806 3729 Denique
849 3646 1125 3710 similem
1159 3647 1371 3711 alium
1404 3650 1714 3735 vulgavit

177 3740 649 3825 Rjdolphinus
699 3745 949 3806 Venuti
998 3764 1087 3806 ex
1121 3744 1345 3807 museo
1384 3744 1711 3810 Cardine.-

178 3837 267 3899 lis
298 3835 602 3913 Albani,
655 3851 858 3921 atque
910 3841 969 3903 is
1034 3842 1105 3904 in
1156 3838 1271 3904 suo
1327 3841 1713 3928 inscriptum

179 3932 367 3998 vidit
407 3930 639 3993 ΝΩ-
675 3934 871 3998 exesa
908 3936 1106 4003 litera
1149 3937 1370 4002 tertia.

280 4066 731 4196 MAeRJNJ.

279 4318 758 4384 ΑΠΑΜΕΪΩΝ.
868 4321 1076 4406 Typus
1118 4324 1317 4405 idam,
1370 4348 1553 4394 arcae
1611 4330 1714 4392 in·

156 4415 524 4506 firiptum:
572 4417 798 4480 Nss-
837 4419 977 4481 AE.
1010 4436 1096 4482 m.
1138 4442 1225 4486 m.

282 4513 448 4575 Fuit
490 4512 758 4597 insignis
787 4512 901 4577 hic
958 4535 1194 4579 numus
1247 4517 1410 4582 olim
1460 4520 1714 4585 Vindo-

174 4608 415 4674 bonae
469 4608 538 4673 in
569 4609 793 4675 museo
843 4610 1113 4699 chlegii
1141 4616 1523 4703 academici
1558 4616 1712 4701 Sec.

3210 585 3338 649 133

1800 761 1938 826 Iesu
1961 809 1979 840 ,
2017 758 2196 822 unde
2230 759 2596 824 translatus
2621 754 2710 819 est
2737 758 2806 820 in
2833 757 3120 822 must-um
3154 756 3321 826 Cae-

1784 860 2079 923 sareum.
2180 855 2355 919 Eum
2387 856 2458 918 in
2479 856 2700 922 lucem
2731 855 2920 918 dedit
2940 857 2990 917 F
2997 856 3318 920 rdlichius

1792 957 1863 1019 in
1887 952 2208 1041 opusculo
2235 998 2253 1029 ,
2289 954 2391 1015 cui
2417 953 2683 1016 titulus.-
2734 951 3194 1034 Appendicutae
3217 953 3260 1018 I
3259 955 3317 1017 l.

1792 1072 2026 1129 novae,
2083 1054 2268 1131 cujus
2313 1050 2382 1112 in
2427 1050 2801 1135 praeconio
2846 1046 3015 1110 nihil
3044 1043 3315 1123 haben,

1786 1151 1983 1232 qnod
2034 1145 2530 1233 reprehendam
2565 1194 2584 1224 ‚
2658 1144 2775 1208 nisi
2836 1145 3021 1227 quod
3079 1140 3321 1205 leviter

1794 1243 2292 1331 suspicabatur,
2342 1243 2732 1328 inscriptum
2769 1239 2949 1302 forte
2978 1240 3162 1301 circa
3201 1257 3316 1300 nu-

1788 1344 1889 1406 mi
1941 1362 2136 1406 oram
2175 1340 2451 1404 alterius
2510 1337 2748 1424 populi
2796 1337 3087 1412 nemen,
3141 1355 3212 1400 v,
3254 1354 3322 1420 g.

1794 1440 2240 1506 ΠΕΡΓΑΜΗ.
2268 1483 2287 1513 ,
2343 1449 2410 1500 et
2455 1434 2498 1498 fi
2537 1434 2897 1511 statuatur,
2968 1449 3173 1494 arcae
3224 1431 3318 1492 in-

1776 1517 2112 1620 scrip’tum
2158 1531 2346 1596 fuiss'e
2405 1535 2633 1610 ΝΩΝ,
2708 1529 2995 1615 legendo
3035 1527 3322 1608 junctim

1793 1631 2545 1705 ΠΕΡΓΛΜΗ-ΝΩΝ,
2614 1647 2856 1692 numus
2915 1626 3110 1688 daret
3158 1642 3316 1685 con-

1796 1728 2106 1792 cordiam
2139 1723 2550 1810 Apamenses
2580 1726 2753 1788 inter
2779 1770 2799 1798 ‚
2853 1735 2919 1785 et
2960 1721 3319 1806 Pergame-

1790 1843 1945 1892 nos,
2045 1828 2138 1887 At
2179 1823 2358 1886 enim
2407 1821 2628 1884 inanis
2667 1818 2756 1884 est
2788 1819 2960 1882 haec
2996 1814 3318 1899 suspicio;

1784 1918 2221 1984 manifestum
2253 1913 2338 1980 est
2361 1917 2541 1984 enim
2565 1939 2650 1982 ex
2673 1935 2877 1979 numo
2901 1914 3070 1998 ips0,
3109 1930 3313 1994 quem

1796 2016 1886 2080 ob
1940 2016 2177 2081 oculos
2237 2012 2499 2088 habeo,
2557 2014 2726 2078 nihil
2779 2029 3080 2095 unquam
3135 2008 3319 2072 circa

1792 2115 1984 2177 numi
2030 2113 2407 2198 marginem
2449 2109 2638 2174 fuiss‘e
2685 2109 3021 2195 scriptum.

1892 2289 2333 2372 PHILIPPI
2377 2302 2848 2372 SENIORJS.

1892 2496 2026 2562 ΕΠ.
2100 2499 2188 2560 Μ.
2265 2499 2464 2565 ATP.
2543 2493 3154 2563 ΑΛΕΞΑΝΔΡΟΥ.
3241 2495 3312 2556 Β.

1784 2595 2017 2656 -ΑΡΧΙ,
2049 2594 2504 2659 ΑΠΑΜΕΩΝ.
2614 2594 2822 2673 Typus
2872 2590 3077 2664 idem,
3130 2607 3312 2652 arcae

1788 2688 2188 2776 irfim'ptum:
2237 2691 2462 2752 ΝΩ-
2509 2689 2646 2751 AE.
2686 2706 2771 2746 m.
2814 2705 2903 2751 m.

1891 2783 2216 2847 Servatur
2253 2781 2496 2845 illustre
2536 2783 2668 2846 hoc
2703 2779 3044 2843 cimelium
3075 2779 3146 2840 in
3178 2799 3319 2845 mu·

1796 2879 1903 2943 seo
1967 2879 2207 2964 Magni
2260 2880 2448 2941 ducis
2480 2927 2499 2956 ‚
2582 2878 2843 2960 fuitque
2911 2874 3316 2937 Falconerio

1797 2972 1997 3039 eausa
2033 2976 2338 3037 edendae
2368 2974 2631 3061 insignis
2666 2972 3140 3037 dissertationis
3171 3017 3189 3048 ‚
3234 2972 3319 3034 de

1796 3092 1930 3156 qua
1996 3091 2200 3156 agam
2246 3068 2446 3134 infra.
2547 3073 2612 3135 Is
2673 3088 2877 3139 arcae
2930 3068 3320 3152 inscriptum

1794 3169 1969 3234 ΝΩΕ
2017 3178 2154 3230 non
2199 3165 2478 3231 ochure
2523 3185 2861 3253 apparere
2907 3163 3265 3251 profitetur
3293 3210 3314 3241 ‚

1794 3283 2206 3347 numumque
2242 3263 2369 3326 ess'e
2425 3263 2584 3328 fidei
2628 3262 3125 3347 integerrimae.
3225 3264 3320 3323 At
3429 3344 3434 3351 ἡ

1795 3358 2042 3424 Gorius
2072 3408 2090 3436 ,
2145 3362 2260 3443 qui
2306 3363 2590 3424 eundem
2637 3362 2709 3425 in
2761 3358 2986 3421 museo
3038 3357 3314 3419 Floren-

1794 3458 1939 3521 tino
1985 3455 2303 3537 restituit,
2354 3456 2722 3541 suspectum
2763 3454 3020 3529 censet,
3075 3465 3141 3513 et
3193 3453 3316 3515 ini-

1798 3574 1925 3638 que
1988 3553 2310 3617 intrusum
2361 3573 2495 3637 pro
2550 3554 2841 3639 genuino
2895 3548 3060 3622 illo,
3115 3566 3318 3629 quem

1778 3650 2236 3715 ·Falconerius
2270 3649 2432 3714 olim
2451 3650 2526 3712 in
2562 3649 2890 3727 Mediceo
2916 3645 3109 3709 vidit.
3158 3642 3318 3725 Neu

1788 3747 1976 3811 idem
2012 3746 2180 3810 mihi
2213 3746 2539 3829 judicium
2570 3745 2700 3821 est,
2741 3745 2856 3829 qui
2883 3761 3155 3807 numum
3176 3739 3315 3824 ipse

1793 3845 2120 3907 adcurate
2159 3843 2458 3929 inspexi,
2511 3842 2904 3954 nullamque
2943 3839 3013 3901 in
3046 3857 3129 3899 eo
3160 3856 3313 3921 pra·

1793 3941 2029 4004 vitatis
2094 3952 2330 4004 notam
2393 3940 2668 4023 reperi,
2761 3954 3150 4020 quanquam
3219 3953 3314 4045 gx

1792 4032 2156 4121 praetenfis
2193 4036 2404 4099 literis
2439 4035 2615 4098 ΝΩΕ
2653 4034 2855 4096 tertia
2897 4032 2940 4091 i
2926 4049 3058 4092 em
3095 4027 3318 4113 fugiat

1789 4132 2120 4216 perinde,
2173 4143 2380 4215 atque
2415 4130 2484 4191 in
2523 4129 2742 4192 numis
2784 4124 3017 4190 Severi
3058 4136 3125 4186 et
3162 4126 3313 4187 Ma-

1780 4229 1963 4293 ·crini
1996 4248 2162 4291 mox
2184 4226 2553 4311 descriptis.
2654 4225 2971 4288 Mediceo
3014 4220 3168 4283 huic
3198 4240 3315 4296 nu,-

1797 4346 1911 4388 mo
1938 4324 2135 4388 binos
2157 4322 2396 4389 ssmiles
2418 4322 2591 4386 alios
2620 4321 2832 4384 sociat
2853 4316 3319 4393 Falconerius,

1662 4460 1667 4467 ·
1798 4430 2086 4506 qnorum
2118 4440 2320 4484 unum
2359 4420 2526 4483 citat
2566 4439 2654 4481 ex
2683 4418 2906 4480 museo
2933 4411 3319 4477 Cardinalis

1799 4516 2179 4595 Ottoboni,
2233 4516 2342 4581 sed
2397 4517 2468 4579 in
2509 4518 2690 4595 cujus
2744 4533 2904 4577 arca
2955 4509 3097 4573 sola
3132 4510 3323 4593 prior

1795 4614 1995 4693 litera
2034 4618 2094 4683 N
2117 4624 2408 4702 apparet
2425 4658 2461 4704 ,ι
2481 4611 2772 4700 alterum
2796 4630 2886 4675 ex
2903 4607 3127 4674 museo
3159 4603 3322 4670 Car·
