4125 5500
1628 540 2184 621 CILICIA.

360 758 681 852 grapheri'
702 755 786 820 lic
826 750 1267 835 explendam:
1321 745 1878 821 ΑΝΊἺΟΧΕΩΝ.

358 862 580 927 ΤΩΝ.
604 855 856 919 ΠΡΟΣ.
878 849 1067 913 Tm.
1090 847 1446 913 ΚΡΑΚΩΙ.
1470 844 1619 907 vel:
1659 845 1873 909 ΤΕΛ-

357 960 538 1025 ΚΩΙ.
620 948 794 1014 Istud
827 945 1153 1011 statuendi
1182 942 1381 1006 causa
1404 941 1503 1003 illi
1518 941 1874 1005 Baudran-

362 1056 488 1118 dus
524 1044 960 1136 geographus
989 1091 1006 1120 ,
1063 1045 1245 1123 cuius
1288 1038 1429 1125 ipse
1456 1039 1703 1102 recitat
1724 1054 1875 1101 ven-

354 1150 489 1214 ba:
540 1142 886 1212 Antiochia
908 1141 1129 1228 βψω.
1165 1141 1447 1224 Trogum
1469 1181 1488 1212 ‚
1530 1133 1686 1200 urbs
1720 1134 1873 1200 Citi-

356 1251 489 1312 ciae
528 1254 779 1331 asperae
805 1288 823 1317 ‚
842 1252 853 1277 ’·
872 1242 940 1302 in
993 1256 1113 1302 ora
1145 1237 1345 1299 maris
1384 1235 1579 1301 Cilicii
1598 1280 1616 1309 ,
1666 1231 1876 1305 Ptole·

278 1376 287 1383 ·
334 1334 532 1409 ”muco
570 1336 1015 1412 Antiochena,
1048 1373 1081 1389 -
1121 1370 1154 1386 -
1188 1333 1278 1417 stc
1311 1329 1477 1395 dicta
1493 1329 1635 1414 fuit
1673 1328 1875 1408 alim,

354 1444 505 1529 quia
522 1435 695 1526 sedet
713 1436 920 1519 juxta
978 1432 1263 1514 Trogum
1280 1427 1582 1513 fluvium,
1635 1437 1693 1491 et
1722 1448 1873 1510 pro-

345 1556 427 1624 pe
480 1536 759 1619 Cragum
800 1527 1116 1615 oppidum.
1215 1527 1307 1589 Vt
1370 1542 1531 1609 ergo
1572 1568 1591 1599 ,
1656 1523 1877 1608 pergit

355 1631 645 1698 Sestinus
675 1675 693 1705 ,
748 1625 1049 1711 Cragum
1108 1619 1437 1706 oppidum
1466 1667 1487 1695 ,
1536 1619 1650 1684 vel
1702 1621 1873 1682 Tra-

3365 559 3459 631 49

1968 748 2225 815 dedero
2263 743 2716 831 promiscuum
2747 741 2924 806 hunc
2961 745 3135 809 inter
3167 741 3470 810 Graecos

1967 850 2136 915 w'K
2179 857 2248 909 et
2278 845 2330 908 Γ
2367 843 2592 919 usum,
2642 837 2760 902 nifi
2802 838 2916 901 sub
2949 844 3144 905 certis
3181 841 3471 929 legibus,

1968 944 2082 1007 sed
2115 962 2293 1027 quae
2332 943 2424 1005 ad
2455 937 2876 1024 praesentem
2908 936 3174 1000 causam
3191 958 3331 1003 non
3352 959 3471 1005 va-

1966 1042 2145 1119 lent,
2201 1050 2270 1103 et
2327 1057 2499 1122 quas
2553 1036 2764 1099 modo
2816 1050 3158 1118 exponere
3200 1033 3475 1121 longum

1966 1136 2172 1202 foret.
2277 1134 2620 1219 Quocirca
2675 1127 2909 1194 licebit
2965 1127 3146 1192 hanc
3198 1126 3477 1196 Ciliciae

1965 1232 2405 1297 Antiochiam
2463 1229 2691 1294 adhuc
2741 1225 2946 1292 nobis
3001 1226 3306 1311 ignotam
3358 1246 3474 1312 pu·

1959 1344 2130 1397 tare.

2059 1424 2218 1505 AE.
2259 1422 2526 1495 RRRR.

2508 1617 2922 1688 ARGoS.

358 1749 480 1813 gus
514 1722 761 1789 fluvius
796 1719 1195 1807 concilietur
1224 1736 1376 1780 cum
1408 1716 1732 1800 scriptura
1758 1732 1868 1779 nu·
1940 1749 1951 1755 -
2006 1711 2015 1719 ’

354 1825 449 1887 mi
487 1821 875 1895 ΚΕΑΚΩΙ,
929 1815 1042 1877 vel
1064 1816 1449 1890 TPAKm,
1488 1813 1867 1891 sciendum,
1942 1854 1949 1863 ·

350 1922 549 2003 saepe
602 1935 647 1978 a
686 1911 968 1975 Graecis
1006 1929 1133 1994 pro
1179 1913 1229 1973 Γ
1282 1909 1674 1993 usurpatam
1724 1910 1869 1973 lite·

351 2036 500 2081 ram
534 2014 619 2077 K.
721 2008 832 2071 Sic
867 2025 994 2092 pro
1025 2008 1453 2071 ΑΚΡΑΓΑΣ
1486 2006 1619 2091 legi
1663 2007 1873 2071 etiam

351 2110 816 2185 ΛΓΡΑΓΑΣ,
887 2115 1145 2188 εῐ,Ρι·ο
1209 2103 1679 2168 ΘΕΟΓΑΜΙΑ
1740 2104 1874 2192 legi

351 2206 854 2278 ΘΕΟΚΑΜΙΛ.
955 2201 1081 2264 His
1125 2218 1334 2285 erg0‚
1387 2199 1529 2279 ait,
1580 2197 1871 2267 testimo-

352 2307 481 2372 niis
522 2322 648 2368 nos
692 2300 971 2376 doceri,
1025 2309 1478 2361 memoratam
1500 2299 1571 2360 in
1592 2296 1875 2364 hoc‘nu-

352 2424 465 2469 mo
513 2398 951 2465 Antiochiam
996 2394 1121 2458 ell'e
1175 2411 1373 2476 eam,
1438 2412 1620 2478 quae
1662 2416 1710 2459 a
1756 2396 1903 2463 litu„

348 2505 550 2587 juxta
590 2498 655 2559 T
662 2514 898 2582 tagum
932 2492 1219 2554 fluvium
1244 2538 1262 2568 ‚
1316 2502 1383 2554 et
1421 2491 1717 2575 Cragum
1759 2513 1876 2581 op.

350 2598 592 2686 pidum
629 2611 878 2656 nomen
916 2589 1092 2652 tulit.
1192 2588 1386 2650 Haec
1448 2586 1587 2653 ille.
1620 2584 1686 2666 ²)
1787 2594 1882 2654 At

356 2696 542 2761 enim
589 2689 953 2756 consultius
992 2685 1223 2773 egiss'et
1259 2684 1369 2748 vir
1403 2685 1705 2748 eruditus
1732 2731 1752 2762 ,
1793 2685 1835 2747 fi
1862 2733 1881 2765 ,

353 2801 729 2871 antequam
787 2783 1039 2848 isthaec
1094 2781 1479 2862 adseret-ev,
1530 2781 1883 2844 Baudran-

354 2885 431 2950 di
469 2885 564 2947 sui
603 2882 1081 2947 auctoritatem
1114 2877 1533 2957 inffudicium
1566 2877 1887 2943 vocan‘et.

316 2979 559 3044 “Enim
585 2983 752 3039 vero
790 2972 1353 3054 neque-Tfagum
1394 2970 1719 3048 fluvium,
1772 2987 1885 3036 ne·

357 3069 489 3161 que
524 3072 825 3157 Cragum
846 3067 1180 3152 oppidum
1206 3068 1382 3129 intra
1404 3063 1693 3129 Ciliciae
1714 3065 1882 3134 fines

360 3172 551 3258 apud
604 3180 873 3232 veteres
930 3163 1406 3250 geographos.‚
1472 3180 1693 3245 neque
1747 3166 1884 3228 An.

358 3268 764 3334 tiochettam
826 3261 1012 3345 apud
1054 3260 1531 3323 Ptolemaeum
1588 3261 1884 3344 reperio.

318 3357 325 3366 ’
361 3364 561 3448 Quae
596 3379 788 3447 rergo
864 3352 1117 3420 Sestino
1177 3354 1269 3419 ab
1327 3355 1719 3421 inconsultis
1778 3356 1883 3422 his

328 3459 750 3526 ‘testimoniis
792 3453 1097 3519 fiducia?
1147 3453 1386 3536 Neque
1424 3453 1705 3534 majoris
1739 3472 1881 3517 mo-

332 3560 567 3624 ‘menti
614 3556 931 3619 videntur
970 3549 1116 3634 ipsa
1168 3545 1403 3612 Sestini
1458 3561 1883 3634 argumenta.

356 3658 412 3723 Γ
458 3667 527 3720 et
566 3656 630 3719 K
660 3672 703 3715 a
738 3648 1021 3714 Graecis
1055 3647 1432 3733 promiscue
1467 3642 1661 3708 fuiss'e
1705 3647 1881 3709 usuf-

2046 1812 2408 1886 Hactenuc
2454 1816 2642 1881 numi
2698 1834 2935 1879 omnes
2984 1812 3280 1901 inscripti
3334 1819 3477 1882 Ar-

1960 1919 2219 1984 ΓΕΙΩΝ
2239 1916 2475 1982 tributi
2507 1912 2699 1978 fuere
2727 1913 2922 1998 Argis
2946 1912 3281 1979 Aeolidis,
3330 1912 3478 1976 Pel-

1958 2014 2276 2094 lei-iuius,
2325 2032 2482 2078 cum
2523 2011 2594 2075 in
2630 2007 2808 2074 binis
2846 2009 3066 2073 numia
3090 2006 3384 2073 Gallieni
3413 2023 3481 2073 et

1960 2112 2332 2177 Saloninae
2369 2110 2659 2176 ‘videret
2709 2105 2945 2171 literas
3012 2105 3479 2175 arithmeticas

1959 2210 2042 2274 ΙΕ
2068 2256 2088 2288 ,
2138 2209 2255 2274 vel
2289 2210 2340 2272 Ζ
2363 2254 2383 2287 ,
2438 2224 2615 2291 quae
2644 2214 2912 2267 tantum
2941 2204 3010 2269 in
3051 2201 3297 2267 Cilicia
3317 2248 3337 2280 ,
3371 2203 3477 2265 Pi-

1959 2302 2126 2369 fidia
2152 2353 2172 2383 ‚
2210 2318 2294 2370 ‘et
2322 2305 2552 2369 vicino
2585 2311 2808 2365 tractu
2829 2302 3055 2365 numis
3089 2299 3286 2364 inseri
3319 2317 3476 2363 con-

1961 2396 2241 2468 suevere
2267 2450 2287 2480 ,
2337 2412 2699 2487 praeterea
2729 2395 3003 2463 fabrica
3054 2396 3476 2482 Peloponne-

1959 2501 2101 2563 sum
2164 2500 2386 2562 minus
2438 2498 2671 2582 sapere
2722 2494 3111 2572 videretur,
3163 2493 3354 2557 aliud
3409 2494 3481 2558 in

1960 2595 2096 2657 hac
2123 2594 2385 2658 vicinia
2418 2596 2641 2674 Argos
2679 2589 3151 2674 circumspexit
3173 2636 3192 2667 ,
3247 2602 3316 2652 et
3352 2589 3481 2655 ob-

1964 2689 2119 2754 tulit
2171 2694 2381 2751 'unum
2435 2683 2854 2770 Stephanus:
2888 2677 2952 2765 ¹³)
3024 2687 3315 2763 Κιλικιας
3346 2731 3367 2767 ,
3438 2681 3479 2769 ἡ

1962 2801 2066 2850 νυν
2115 2784 2532 2868 Δργειοπολις.
2566 2776 2629 2858 ⁴²)
2729 2780 3085 2844 Eruditam
3132 2780 3483 2846 Pellerinii

1966 2883 2432 2962 conjecturam
2494 2873 2787 2959 amplius
2829 2876 3151 2962 promovi
3198 2875 3267 2939 in
3310 2879 3482 2942 meis

1964 2973 2208 3038 Numie
2242 2984 2379 3037 vet.
2406 3019 2427 3050 ‚
2466 2963 2532 3053 ἃ)
2588 2990 2875 3055 cumque
2897 2972 3242 3049 viderem,
3279 2971 3347 3034 in
3374 2972 3483 3038 hia

1962 3071 2188 3134 nuntie
2219 3081 2428 3154 typos
2471 3068 2597 3131 ess'e
2639 3071 2777 3150 ejus
2813 3070 3119 3154 generis,
3175 3068 3289 3153 qui
3330 3072 3480 3150 jure

1960 3165 2233 3252 poffun't
2282 3165 2374 3229 ad
2414 3166 2638 3250 Argos
2692 3164 3038 3250 Argolidis
3091 3165 3477 3250 pertinere,

1962 3262 2179 3326 muito
2221 3263 2439 3347 magis
2474 3259 2798 3325 credibile
2829 3260 3196 3327 videbatur
3218 3308 3238 3340 ,
3291 3264 3479 3347 quod

1955 3362 2098 3442 jam
2133 3359 2342 3423 etiam
2372 3355 2736 3442 suspicatus
2756 3353 2842 3419 est
2874 3357 3269 3423 Pellerinius
3291 3407 3309 3437 ,
3339 3359 3477 3424 hoc

1956 3454 2247 3518 Ciliciae
2292 3457 2518 3537 Argos
2569 3452 2694 3514 effe
2747 3472 2993 3516 revera
3046 3456 3321 3519 ductam
3385 3477 3472 3521 ex

1957 3551 2288 3637 Argolide
2321 3548 2704 3626 coloniam,
2743 3550 2928 3632 quod
2953 3548 3021 3611 in
3051 3551 3294 3612 eodem
3316 3572 3473 3616 meo
3581 3605 3590 3609 -

1959 3667 2169 3732 opere
2202 3645 2511 3735 pluribus
2537 3644 2992 3731 comprobare
3016 3657 3301 3710 conatus
3333 3647 3476 3714 sum

357 3764 570 3839 pata,
622 3746 878 3835 probat
920 3765 1008 3810 ex
1048 3744 1364 3828 inscripto
1387 3743 1739 3828 Agrigenti
1762 3764 1880 3807 nu·
1952 3745 2115 3807 inde
2153 3766 2198 3809 a
2234 3764 2393 3831 pag.
2449 3746 2563 3826 76.
2644 3743 2850 3806 Addo
2874 3790 2893 3821 ,
2947 3761 3056 3806 me
3092 3743 3301 3807 etiam
3337 3742 3474 3807 hoc

360 3848 492 3911 mis
541 3850 679 3927 jam
726 3842 1195 3918 ΑΚΡΑΓΑΣ,
1242 3843 1383 3921 jam
1424 3842 1879 3921 ΑΓΡΛΓΑΣ,

358 3954 437 4007 at
476 3942 618 4003 dixi
652 3940 722 4001 in
753 3941 948 4022 hujus
990 3935 1179 4000 urbis
1227 3948 1507 4001 moneta
1538 3983 1558 4013 ‚
1613 3937 1877 4024 epigra-

1955 3838 2242 3905 Ciliciae
2261 3843 2484 3925 Argos
2515 3839 2830 3924 reperisse
2859 3841 2926 3903 in
2951 3838 3379 3919 Philostrato,
3417 3846 3471 3921 ⁴²)

1955 3957 2112 4001 cum
2146 3948 2421 4016 narrat,
2473 3933 2920 4022 Apollonium
2953 3956 2997 3999 a
3023 3937 3187 4001 Tito
3228 3938 3473 4003 invita»

355 4036 541 4124 phen
588 4036 987 4098 ΑΓΡΑΓΛΣ
1024 4033 1232 4099 valde
1286 4032 1454 4096 mihi
1508 4034 1727 4098 videri
1782 4034 1876 4097 su·
1953 4046 2137 4112 tum,
2189 4046 2267 4099 ut
2315 4034 2409 4098 ad
2465 4034 2528 4097 se
2579 4036 2803 4116 Argos
2853 4034 3116 4096 veniret
3145 4054 3230 4097 ex
3269 4032 3473 4117 Syria

349 4133 684 4220 spectam.
738 4119 1215 4196 eEoKAMm
1248 4149 1375 4217 pro
1404 4127 1872 4196 ΘΕΟΓΑΜΙΑ

1954 4131 2251 4194 Romam
2297 4130 2644 4194 reducem.
2748 4129 2965 4194 Fuiss'e
3020 4142 3249 4193 autem
3301 4130 3472 4194 illud

350 4229 551 4297 mihi‘
580 4241 665 4289 ex
721 4226 940 4287 numia
995 4227 1301 4311 ignotum
1329 4275 1349 4308 ‚
1400 4245 1620 4310 neque
1663 4225 1874 4291 facile
1951 4225 2237 4292 Ciliciae
2277 4229 2538 4314 Argos,
2584 4238 2778 4312 patet
2807 4246 2894 4290 ex
2924 4225 3236 4310 sequente
3277 4228 3464 4311 capi-

420 4359 427 4372 .
512 4351 521 4366 ‚
700 4357 707 4383 ,

417 4459 472 4520 a)
508 4457 729 4509 Lettete
806 4468 896 4521 ag.
930 4466 1023 4520 55.
1249 4452 1308 4523 b>
1345 4454 1405 4506 in
1441 4442 1640 4525 Αργος

347 4527 616 4601 Apellen.
656 4524 719 4576 L.
814 4521 865 4582 1.
901 4538 947 4573 c.
982 4536 1071 4589 3⁰·

314 4603 323 4612 ·
445 4601 656 4690 (ναι.
703 4594 918 4684 111.)

1889 4457 1937 4532 e)
1977 4453 2119 4520 Mel.
2153 4456 2202 4510 1.
2236 4472 2297 4528 p.
2334 4472 2418 4512 22.

2654 4449 2714 4523 d)
2751 4470 2877 4527 pag.
2918 4468 3036 4523 225.
3250 4453 3304 4516 e)
3339 4435 3452 4504 Vir.

3005 4595 3067 4661 G
