4125 5500
1610 575 2154 654 CILICIA.

1388 778 1657 848 ΣΕΩΝ.
1716 820 1739 833 -
1790 818 1812 834 ·
1844 800 1860 810 ·

298 778 587 850 NATn.
631 740 806 873 KA1J.
839 774 957 848 ΛΑ
1015 817 1037 832 ·
1141 816 1165 835 ·
1263 815 1287 834 ·

301 882 581 950 flamen.
630 880 893 946 ΑΕ.’ῙῙ.
949 874 1264 965 (Ὲτὸὶίοὴ
1316 878 1410 943 ad
1455 899 1639 943 num.
1675 898 1814 965 reg.

298 979 539 1043 access'.
578 998 647 1063 p.
678 978 822 1061 88.)

402 1074 671 1139 MAPK.
701 1073 1184 1138 ΛΝΤΩΝΙΟΤ.
1227 1074 1813 1140 ΠΟΛΕΜΩΝΟΣ.

300 1168 838 1237 ΔΡΧῙΕΡΕΩΣ.
868 1170 1068 1236 CAA.
1105 1169 1307 1255 Caput
1321 1171 1674 1236 Polemonis
1700 1166 1837 1234 nu-'

296 1266 466 1334 dum.
565 1273 625 1341 x
673 1266 1189 1332 ΔΤΝΑΣΤΟΤ.
1274 1268 1508 1333 oABE
1562 1304 1583 1318 ·
1635 1302 1665 1319 -
1720 1305 1742 1316 -

152 1386 161 1391 ·
297 1352 1247 1430 KENNATQ.KA1.AAAA'
1288 1398 1313 1413 ·
1364 1398 1389 1413 ·
1439 1360 1820 1429 ΩΝἙᾸΛ.

296 1458 576 1527 Fulmen.
627 1458 768 1523 AE.
804 1460 891 1527 ΙΙ.
944 1456 1359 1540 (Pembrock
1389 1459 1472 1532 Ρ.
1498 1460 1584 1523 11.
1636 1455 1815 1533 Tab.

394 1652 793 1717 Polemonis
832 1646 1036 1715 nostri
1070 1669 1348 1716 numum
1381 1652 1638 1738 primus
1674 1650 1812 1717 edi·

298 1749 406 1814 dit
435 1748 732 1812 Liebeus
760 1794 777 1826 ‚
816 1752 874 1828 ⁸)
945 1766 1184 1814 verum
1221 1750 1405 1833 quod
1430 1750 1733 1813 vitiatus·
1753 1749 1814 1812 is

295 1843 491 1925 fuit,
526 1843 629 1907 bis
668 1844 1022 1929 peccavit,
1089 1846 1380 1928 primum
1422 1845 1610 1926 quod
1658 1863 1814 1906 eum

294 1937 660 2004 Polemoni
686 1946 691 1955 '
722 1934 921 2001 Ponti
991 1940 1133 2024 regi
1212 1930 1484 2016 tribuit,
1564 1928 1811 2003 deinde

296 2036 486 2121 quod
517 2031 828 2117 Mylasae
865 2030 1110 2098 Cariae
1150 2033 1476 2119 lignatum
1514 2037 1807 2122 putavit,

293 2152 449 2198 eum
499 2150 625 2215 pro
666 2129 1263 2199 AAAAEEEQN.
1283 2130 1539 2216 legeret
1576 2132 1809 2196 MTA-

292 2226 762 2296 ΛΛΣΣΕΩΝ.
810 2224 1052 2289 Eidem
1091 2227 1449 2291 Polemoni
1486 2229 1628 2314 regi
1670 2229 1806 2291 edi-

291 2340 407 2393 tor
454 2322 664 2387 marei
703 2321 1239 2387 Pembrockiani
1291 2332 1574 2388 numum
1615 2324 1806 2387 suum

291 2408 667 2498 tribuerat,
718 2420 805 2483 ac'
840 2418 1131 2504 denique
1167 2419 1355 2484 suum
1398 2422 1607 2485 etiam
1640 2421 1807 2484 Fra-

290 2519 580 2596 licinius,
679 2535 882 2600 quem
952 2537 1041 2579 ex
1112 2517 1339 2580 museo
1398 2517 1813 2605 ,Savorgnan

294 2613 631 2700 vulgavit.
666 2606 724 2692 ι’)
823 2611 1079 2676 Eorum
1114 2612 1475 2676 sententias
1513 2631 1650 2675 non
1673 2632 1813 2673 am-

294 2713 482 2800 plius
531 2705 908 2775 refutamus
933 2757 955 2790 ‚
1006 2729 1162 2775 cum
1204 2712 1350 2796 jam
1389 2706 1685 2773 certiora
1716 2718 1813 2770 te·

290 2825 604 2872 neamus,
1698 2825 1709 2834 ·

311 2933 323 2947 ·
399 2901 617 2966 Citati
641 2918 802 2986 ergo
848 2900 1036 2964 numi
1071 2913 1326 2963 certum
1357 2898 1559 2964 nobis
1600 2895 1817 2963 fistunt

291 2997 743 3063 Polemonem
795 2994 1223 3057 sacerdotem-
1264 2997 1635 3071 summum‚
1690 2995 1809 3056 do-

292 3106 489 3160 cente
529 3088 697 3153 istud
726 3088 935 3152 titulo'
965 3087 1510 3166 ΑΡΧΙΕΡΕΩΣ,
1565 3101 1634 3151 et
1663 3087 1805 3172 qui·

293 3194 454 3257 dem
494 3186 757 3263 Olbae,
813 3186 1001 3267 quod
1042 3185 1388 3268 sequentia
1441 3184 1803 3249 docebunt.

288 3287 740 3353 Polemonem
793 3283 1068 3364 quidem
1122 3282 1259 3344 hoc
1305 3280 1567 3344 honore
1609 3301 1803 3367 prae·

294 3386 510 3450 ditum
552 3395 777 3462 neque
812 3376 1058 3441 Strabo
1084 3425 1102 3454 ‚
1154 3397 1375 3461 neque
1411 3377 1585 3441 alius
1623 3379 1802 3461 quis·

293 3500 525 3567 quam·
562 3476 948 3564 prodidere.
1047 3474 1220 3536 Eum
1265 3486 1495 3537 tamen
1545 3474 1809 3537 indicat

291 3577 648 3664 Appianas
713 3574 782 3634 in
853 3570 1172 3655 catalogo
1210 3565 1667 3656 ¹principum,
1762 3590 1809 3633 a

293 3672 541 3761 quibus
575 3670 673 3733 M.
692 3668 1142 3732 Antoniusv.
1182 3665 1258 3731 C.
1286 3687 1364 3747 71
1380 3683 1447 3749 5.
1477 3665 1811 3753 pecunias

292 3773 368 3834 in
405 3766 763 3831 imminens
809 3764 1071 3828 “bellum
1107 3763 1499 3828 Parthicum
1554 3764 1811 3851 exegit,·

292 3867 643 3944 Πολέμωνα
678 3883 859 3949 μερυς
883 3864 1196 3942 Κιλικιας,
1248 3859 1637 3925 Polemonem
1649 3879 1805 3946 par·

291 3964 387 4027 tis
420 3959 680 4024 aliciae.
718 3963 773 4036 ο)
872 3958 1080 4022 Haud
1122 3957 1331 4021 dubie
1371 3957 1478 4022 hic
1514 3957 1807 4021 Polemo

292 4056 433 4122 fuit
493 4073 579 4116 ex
618 4047 888 4116 familia
938 4054 1363 4119 sacerdotum
1389 4102 1408 4132 ,
1480 4066 1687 4138 atque
1746 4053 1803 4116 is

292 4152 433 4244 ipse
458 4200 477 4230 ,
529 4147 638 4212 cui
682 4147 905 4211 Abam
957 4149 1393 4237 Zenophanis*
1422 4149 1636 4213 filiam
1677 4169 1802 4212 nu-

290 4241 717 4339 ptam-fixisti!
756 4242 953 4328 supra
982 4247 1438 4340 ex²Strabone
1481 4245 1807 4311 diximus.-

294 4343 600 4412 Adscivit
635 4339 918 4405 nomina
956 4337 1060 4412 M.
1085 4344 1370 4407 Antonii
1404 4344 1471 4406 iu
1508 4341 1801 4430 gratiam

3338 586 3426 668 ⁶3

1899 779 2128 866 emplo
2165 768 2692 842 Tarcondimoti
2735 772 2999 844 vicinae
3037 777 3252 866 partis
3305 775 3410 842 Ci-

1894 878 2099 953 liciae
2148 873 2404 961 teguli,
2458 884 2533 936 ut
2575 884 2847 938 taceam
2895 875 3129 939 nmilia
3161 875 3403 958 obser„

1894 973 2178 1041 vantiae
2223 966 2543 1054 exempla
2581 989 2670 1033 ex
2710 972 2929 1035 numis
2970 991 3201 1056 regum
3241 970 3377 1039 Bos
3396 1007 3419 1022 -

1896 1070 2055 1158 pori
2097 1080 2165 1132 et
2215 1066 2498 1131 Edess'ae
2536 1067 2829 1151 cognita.
2930 1067 3214 1130 Antonii
3248 1091 3410 1154 quo.

1901 1174 2034 1255 que
2073 1183 2322 1228 nomen
2356 1160 2599 1226 habuit
2633 1162 2917 1227 Polemo
2959 1162 3414 1243 Laodicenus,
3517 1230 3522 1237 .

1903 1262 2195 1328 celebris
2252 1258 2610 1324 Hadriano
2670 1259 3047 1344 imperante
3103 1258 3417 1346 sophista,

1904 1371 1981 1425 ut
2016 1354 2335 1423 testantur
2368 1352 2808 1420 Philostratus
2830 1404 2850 1434 ‚
2879 1350 2948 1439 ει)
3003 1367 3072 1453 et
3115 1377 3419 1423 marmor

1901 1451 2305 1523 oxoniense.
2345 1450 2407 1534 ⁶)
2891 1524 2898 1527 ,
3313 1528 3354 1541 Η

1994 1552 2276 1615 Praeter
2325 1545 2597 1613 titulum
2639 1548 3163 1628 ΑΡΧΙΕΡΕΩΣ.
3203 1548 3418 1616 habet

1896 1645 2109 1714 alium
2160 1664 2433 1731 quoque
2462 1644 2992 1715 ΔΤΝΛΣΤΟΤ..
3027 1648 3415 1713 ΟΛΒΕΩΝ.

1896 1742 2114 1809 ΤΗΣ.
2151 1738 2440 1807 ΙΕΡΑΣ.
2486 1742 2776 1807 Vnicum
2817 1741 2987 1808 istud
3025 1743 3414 1829 exemplum

1889 1834 2192 1926 inscripti
2236 1839 2458 1903 numis
2504 1837 2849 1930 Dymssae,
2904 1858 3039 1925 quo
3086 1841 3286 1904 titulo
3317 1841 3411 1905 uri

1890 1930 2114 2015 muts
2172 1937 2290 2021 qui
2363 1933 2722 2001 inferiores
2794 1950 2989 2003 erant
3053 1939 3361 2024 potentia
3387 1985 3407 2017 ,

1891 2052 2104 2119 quam
2145 2044 2222 2096 ut
2253 2033 2326 2095 in
2357 2033 2618 2119 regium
2655 2052 2902 2098 nomen
2945 2034 3257 2099 involare
3291 2048 3412 2100 aut
3471 2050 3480 2057 '
3604 2044 3630 2059 ‘

1889 2130 2155 2217 polrent
2208 2141 2328 2193 aut
2381 2131 2772 2195 auderent.'
2828 2132 3002 2196 Eum
3050 2145 3118 2197 et
3157 2131 3410 2197 Strabo
3465 2146 3474 2153 ·

1888 2228 2050 2290 loco
2132 2225 2333 2310 supra
2402 2227 2705 2295 adducto
2781 2227 3244 2294 Pacerdotibus
3299 2228 3410 2294 his

1886 2323 2205 2409 largitur:
2255 2340 2361 2388 και
2397 2313 2639 2407 ὁὶερευς
2682 2323 2981 2408 δυναστης
3012 2327 3244 2404 ἐγενετο
3299 2346 3409 2408 της

1892 2416 2370 2507 Τραχιωτιδος,
2465 2429 2526 2482 et
2574 2420 2874 2508 sacerdos
2935 2423 3077 2506 suit
3153 2421 3412 2512 dynqta

1900 2512 2361 2593 stachiotidis,
2403 2527 2482 2605 ¹et
2513 2517 2749 2601 paullo
2800 2518 2983 2584 infra
3016 2540 3170 2584 eam
3211 2520 3414 2584 ditio-

1895 2632 2055 2675 nem
2088 2621 2303 2674 vocat
2332 2612 2580 2697 Tevxpe
2607 2612 2934 2681 ὅυναςειαν.
2983 2618 3253 2681 Dicitur
3278 2617 3410 2680 Po-

1894 2706 2080 2771 lemo
2116 2704 2369 2802 dynasta
2405 2697 2748 2793 Olbenfium
2783 2709 2969 2776 urbis
2978 2713 3220 2798 sacrae.
3295 2712 3414 2778 Ni·

1898 2803 2146 2867 mirum
2185 2803 2430 2865 eodem
2467 2801 2627 2864 loco
2663 2802 2910 2867 Strabo
2956 2808 3167 2884 dixit,
3218 2807 3410 2871 fuiss'e

1899 2896 2126 2962 Olbae
2168 2897 2353 2960 Iovis
2410 2896 2736 2982 templum
2774 2898 2864 2962 ab
2906 2904 3115 2983 AJace
3153 2901 3413 2968 Teucri

1901 2991 1969 3056 Ρ.
2025 2989 2457 3071 dedicatum,
2523 3011 2610 3057 ex
2651 3011 2787 3077 quo
2838 2997 3017 3062 adeo
3045 2999 3203 3062 ‘urbi
3249 2999 3409 3063 titus

1888 3088 1993 3151 lus
2062 3087 2373 3166 ΙΕΡΑΣ,
2437 3090 2701 3178 sacrae,
2775 3093 3072 3159 accessit.
3174 3095 3410 3163 Habet

1887 3184 2072 3248 idem
2131 3185 2403 3252 titulum
2482 3185 2814 3274 toparchae
2879 3187 3306 3260 Cmnatorum
3351 3206 3411 3262 et

1887 3277 2331 3372 Lalaffinstum.
2448 3285 2804 3371 Τοποιρχης
2886 3285 2977 3353 est
3047 3290 3409 3378 praefectus

1888 3378 2041 3456 lvci,
2089 3401 2100 3408 ·
2149 3391 2530 3443 et·nomen
2595 3381 2938 3450 inferioris
3012 3388 3404 3474 dignitatis..

1889 3475 2120 3558 quod,
2172 3474 2216 3540 fi
2258 3493 2499 3540 numos
2523 3476 2821 3563 specta,
2871 3482 2942 3544 in
2975 3482 3117 3546 sola
3151 3485 3404 3552 horum

1888 3567 2287 3657 pontificum
2312 3586 2587 3642 moneta
2612 3589 2983 3661 comparet.
3084 3588 3173 3644 At
3195 3584 3400 3663 enim,

1891 3670 2008 3756 qui
2042 3651 2165 3730 flnt
2196 3669 2269 3732 hi
2307 3669 2780 3737 KENNATOI
2805 3721 2823 3751 ,
2878 3689 3048 3757 quos
3084 3692 3218 3740 non
3258 3699 3400 3743 mo·

1889 3756 2230 3829 do‘''r’1umi‘
2269 3763 2652 3856 praesentes
2680 3815 2699 3847 ,
2784 3767 2898 3832 sed
2946 3774 3153 3837 etiarn
3214 3763 3402 3839 numi

1886 3855 2383 3932 Diobaesareae
2415 3865 2482 3926 in
2515 3863 2763 3930 iisdem
2796 3863 2956 3930 [itae
2991 3886 3398 3952 memorant,

1885 3956 2269 4021 tacentibus
2304 3961 2716 4046 geographis
2766 3966 3079 4031 omnibus
3117 3969 3400 4036 difficile

1888 4051 1976 4116 est
2007 4054 2342 4117 decidere.
2445 4051 2796 4141 Quidquid
2839 4061 3003 4141 erit,
3084 4062 3154 4127 hi
3216 4080 3398 4130 certe

1883 4143 2173 4213 Cen'nati
2212 4152 2305 4213 ad
2341 4149 2729 4219 Olbenfium
2761 4159 3163 4244 pontificum
3201 4162 3398 4227 ditio-

1882 4255 2037 4309 nem
2122 4248 2656 4332 pertinuerunt.-
2725 4257 2818 4317 At
2867 4256 3058 4324 ‚ratis
3133 4262 3397 4344 ,cogniti

1883 4343 2472 4430 AAAA22E12‚·
2537 4347 2940 4441 Lalaffmfis‚
3014 4353 3112 4418 ssti
3175 4351 3394 4419 secun-

292 4443 395 4507 m
434 4438 775 4522 viri,‘qui
812 4437 1142 4499 orientem
1192 4451 1331 4501 tum
1376 4439 1630 4519 tenuit,
1683 4459 1801 4503 ex·
1887 4442 2045 4505 dum
2084 4441 2376 4538 Plinium
2412 4457 2480 4508 et
2502 4447 2973 4516 Ptolemaeum
3007 4452 3079 4516 in
3113 4450 3398 4538 Lalassi-

368 4657 426 4727 ιι)
458 4641 507 4708 ιζ
532 4670 581 4719 e,
618 4667 629 4677 ·
726 4651 829 4719 ·b)
866 4649 993 4721 Ly.
1188 4647 1235 4714 c)
1274 4646 1414 4703 Βυιι.
1449 4649 1551 4704 civ.
1584 4649 1648 4707 L.
1682 4647 1756 4706 v.

1904 4654 1913 4662 “
1950 4652 2006 4722 d)
2045 4658 2103 4708 in
2125 4653 2437 4712 Polemone
2468 4656 2589 4727 §.3
2651 4677 2672 4690 ·
2762 4657 2816 4731 e)
2851 4678 2978 4735 pag.
3015 4679 3102 4732 93.
