4125 5500
586 3492 591 3565 ᾖ
719 3509 786 3576 T
786 3506 1059 3582 hess'ah

742 554 876 617 130

1970 527 2660 610 GALA‘slA.
2755 583 2762 592 -

719 729 836 797 iile
886 733 1287 797 doctrinam
1301 750 1436 796 non
1480 727 1725 810 semel,
1800 731 1913 796 sed
1946 727 2246 798 constan·
2333 732 2564 797 saltem
2619 753 2704 796 ex
2748 725 2948 797 unico'
2990 751 3336 799 marmore
3380 732 3868 815 constat,1to·

721 842 825 892 ter
863 849 984 926 per
1023 847 1191 914 opus
1232 829 1413 893 suurn
1452 813 1792 906 inculcat,
1846 841 1920 891 ut
1954 831 2115 893 Rec.
2158 829 2241 891 11.

719 944 789 1008 p.
835 939 938 988 12.
972 926 1131 990 Rec.
1154 925 1271 987 111.
1314 946 1387 1010 p.
1416 943 1574 1005 299.
1634 925 1799 997 Mel.
1830 924 1914 989 11.
1938 946 2011 1009 p.
2035 937 2244 1006 308„

694 1033 794 1110 =ut
849 1022 1025 1084 adeo
1084 1021 1254 1083 haec
1301 1023 1505 1084 toties
1568 1029 1873 1104 repetere
1916 1037 2055 1083 non
2111 1017 2244 1081 fine

2329 832 2516 893 noris
2546 843 2808 892 tantum
2849 831 3049 893 causa
3083 831 3199 892 usa
3235 829 3368 908 est,
3417 844 3564 895 tam
3611 851 3867 916 parum

2328 937 2614 1010 potuere
2649 924 3016 1007 Ancyrani·
3032 919 3270 990 urbem
3324 921 3510 990 [ham
3549 919 3862 991 indicare

2326 1019 2680 1083 scribendo
2695 1032 2958 1082 tantum
2976 1022 3604 1087 ΣΕΒΑΣΤΗΝΩΝ
3609 1043 3860 1106 ,quam

720 1130 905 1180 certa
931 1118 1194 1178 ratione
1226 1117 1576 1192 videatur,
1634 1135 1841 1198 quam
1878 1127 2122 1178 tamen
2135 1116 2246 1177 vir
2330 1133 2572 1200 parum
2605 1116 2957 1179 Tarsenses
2996 1117 3178 1179 suam
3211 1116 3564 1182 scribendo
3587 1132 3858 1182 tantum

721 1213 1020 1275 eruditus
1061 1211 1258 1274 nobis
1298 1214 1566 1274 invidit.
1665 1212 2025 1274 Nonnulla-
2049 1229 2243 1296 argu-

720 1322 954 1372 menta
1005 1306 1231 1398 adfert
1282 1307 1600 1390 Belleyus
1624 1352 1645 1385 ,
1696 1310 1833 1389 qui·
1865 1310 1935 1371 in
1998 1308 2244 1369 eadem

722 1401 855 1466 fuit
889 1405 1231 1468 sentent-ia.
1265 1400 1331 1484 ⁸)
1401 1403 1546 1487 Ego
1577 1401 1758 1465 secus
1785 1403 2023 1465 censeo
2046 1447 2066 1480 ,
2104 1405 2242 1483 ajo·

723 1517 891 1582 que,
945 1505 1287 1582 Ancyram
1322 1511 1515 1561 vetus
1567 1499 1752 1560 suum
1790 1515 2041 1560 nomen
2077 1515 2240 1559 nnn·

720 1614 926 1677 quam
961 1593 1236 1656 omififfe
1258 1642 1277 1670 ,
1317 1606 1385 1655 et
1414 1589 1960 1677 quodfequitur,
1998 1610 2241 1655 numos

718 1707 954 1752 omnes
1004 1688 1086 1751 fic
1120 1689 1470 1773 inscriptos
1510 1689 1636 1751 effe
1675 1687 1978 1751 Sebastos
2028 1709 2071 1750 a
2105 1685 2241 1749 Pli-

717 1787 836 1849 nio
872 1798 1313 1848 memoratae.
1412 1785 1572 1868 Ejus
1596 1783 1829 1876 causas
1866 1787 2111 1847 damus
2150 1781 2240 1844 se·

720 1895 1045 1964 quentes:

816 1978 871 2039 Ι.
920 1976 1157 2059 Neque
1213 1996 1298 2038 ex
1359 1937 1793 2059 scriptoribus
1850 1971 2238 2049 veteribus,

712 2089 934 2156 neque
1001 2063 1454 2134 marmoribus
1521 2068 1819 2146 constat,
1886 2072 2239 2151 Ancyram

716 2187 1015 2252 unquam
1068 2179 1267 2230 vetus
1324 2165 1512 2228 suum
1552 2186 1802 2228 nomen
1844 2161 2238 2249 deposuisse.

674 2286 689 2290 ⁹
714 2265 793 2328 In
831 2265 1155 2350 quapiam
1190 2262 1385 2343 hujus
1412 2259 1599 2324 urbis
1633 2257 2086 2347 inscriptione,
2129 2275 2237 2320 cu-

710 2364 817 2444 jus
852 2360 1089 2444 plures
1115 2357 1343 2421 adfert
1374 2358 1793 2421 Muratorius
1816 2404 1834 2434 ,
1868 2356 2041 2418 haec
2075 2352 2237 2415 urbs

717 2458 1062 2519 dicitur-H.
1085 2453 1706 2517 ΜΗΤΡΟΠΟΛΙΣ.
1729 2454 1949 2516 ΤΗΣ.
1972 2453 2238 2513 ΓΑΛΑ-

717 2549 972 2617 ΤΙΛΣ.
1052 2548 1509 2614 ΣΕΒΛΣΤΗ.
1577 2546 2236 2612 ΤΕΚΤΟΣΑΓΩΝ.

722 2647 1109 2711 ΑΝΚΤΡΑ.
1139 2634 1205 2730 b)
1304 2643 1487 2706 Nolo
1542 2640 1654 2705 hic
1733 2663 1886 2706 cum
1947 2639 2237 2705 Maffeio

717 2755 999 2831 propter
1044 2742 1333 2805 eandem
1366 2759 1611 2805 vocem
1645 2725 2081 2805 ΣΕΒΑΣΤΗ
2124 2757 2237 2799 ex-

716 2839 1058 2925 scriptoris
1112 2838 1629 2902 adcurationem
1673 2837 1742 2897 in
1802 2834 2237 2920 suspicionem

716 2952 996 3011 vocare,
1020 2938 1203 3015 cujus
1220 2933 1401 2995 ratio
1423 2934 1701 2994 omnino
1723 2930 1908 2992 nulla
1928 2926 2156 2989 subest.
2176 2925 2236 3009 c)

714 3032 994 3112 Ancyra
1019 3041 1124 3090 tot
1147 3028 1233 3090 ab
1260 3023 1552 3109 Augusto
1574 3023 1918 3086 beneficiis
1959 3021 2241 3083 adfecta

690 3127 781 3187 'se
811 3124 1093 3186 vocavit
1122 3125 1420 3200 Σεξαςην,
1458 3118 1770 3181 nimirum
1787 3115 2238 3180 honorificum

715 3222 895 3284 hunc
934 3217 1202 3299 titulum
1244 3214 1502 3277 suomet
1554 3213 1809 3275 nomini
1862 3211 2076 3274 solum
2119 3210 2237 3273 ad-

2329 1211 2812 1289 AAHANHQ
2868 1211 2981 1273 vel
3005 1214 3858 1282 ΜΑΚΡΙΝΟἸἪΟΛΕΩΟ.

2428 1308 2513 1371 ΙΙ.
2567 1303 2637 1370 Si
2669 1309 3018 1389 Ancyrani
3054 1306 3180 1370 sese
3203 1310 3272 1372 in
3297 1307 3701 1374 Sebastenos
3733 1313 3858 1374 im·

2329 1403 2685 1466 mutass‘ent
2710 1449 2728 1479 ‚
2770 1401 2938 1464 istud
2969 1400 3272 1465 fecissent
3287 1409 3428 1485 jam
3457 1418 3686 1469 aetate
3716 1411 3853 1484 Au-

2329 1494 2493 1582 gusti
2533 1509 2800 1560 recente
2837 1497 3060 1579 adhuc
3084 1498 3570 1563 beneficiorum
3599 1523 3856 1568 memo-

2327 1593 2470 1669 ria,
2517 1593 2727 1676 idque
2755 1613 3005 1656 nomen
3039 1585 3450 1658 retinuissent
3487 1599 3715 1662 adhuc
3739 1600 3854 1662 sub

2326 1688 2498 1750 Tito
2535 1699 2614 1753 et
2667 1689 3069 1753 Domitiano
3093 1735 3114 1767 ,
3167 1691 3237 1753 in
3285 1709 3576 1773 quornm
3625 1695 3848 1757 nunzis

2321 1782 2629 1846 scribitur
2662 1786 3333 1862 ΣΕΒΑΣΤΗΝΩΝ,
3375 1787 3542 1849 olim
3565 1835 3583 1865 ,
3629 1790 3852 1852 secun-

2326 1879 2486 1940 dum
2541 1879 3015 1956 Pellerinium,
3082 1886 3628 1964 Ancyranorum.
3732 1885 3850 1948 sia

2323 1971 2490 2040 istud
2515 2020 2533 2050 ,
2588 1994 2710 2036 cur
2744 1976 2812 2036 in
2859 1995 3064 2038 numo
3107 1977 3400 2040 Neronis
3437 1980 3623 2061 apud
3667 1980 3852 2043 Vail·

2323 2066 2608 2131 lantiam
2658 2070 2904 2153 legitur
2949 2075 3273 2160 Ancyra,
3325 2091 3463 2135 non
3523 2073 3851 2138 Sebaste?

2322 2163 2503 2247 Ergo
2558 2183 2642 2227 ea
2671 2164 2836 2238 ,urbs
2875 2166 2966 2229 ab
3015 2164 3309 2253 Augusto
3357 2168 3451 2232 ad
3497 2170 3852 2252 Neronem

2323 2256 2386 2320 se
2427 2257 3067 2344 scripfit‚Sebasten,
3119 2261 3236 2326 sub
3278 2263 3408 2327 hoc
3450 2266 3844 2347 Ancyram,

2323 2353 2439 2415 sub
2485 2354 2872 2440 Vespasiani
2926 2356 3082 2420 filiis
3115 2357 3477 2437 sebasten,
3525 2359 3675 2447 post
3709 2359 3849 2424 hos

2325 2450 2548 2512 denuo
2591 2456 2987 2534 Ancyram?
3051 2455 3159 2516 An
3195 2456 3263 2517 in
3320 2469 3428 2538 tot
3462 2455 3615 2519 aliis
3657 2456 3853 2519 urbi-

2324 2544 2450 2610 bus
2475 2545 2680 2610 simile
2703 2546 3034 2613 habemus
3067 2549 3369 2614 levitatis
3407 2552 3798 2637 exemplum
3819 2555 3851 2616 ἲ

2421 2642 2542 2706 ΙΙΙ.
2595 2642 2664 2704 Si
2697 2646 2975 2725 Ancyra
3011 2647 3253 2708 eadem
3286 2645 3511 2712 fuiss'et
3545 2668 3702 2711 cum
3740 2649 3856 2712 Se'·

2322 2735 2547 2817 haste,
2599 2737 2866 2802 titulum
2920 2740 3385 2827 metropoleos
3415 2792 3435 2823 ,
3506 2766 3645 2828 quo
3692 2746 3850 2811 inde

2323 2854 2370 2896 a
2409 2834 2682 2896 Nerone
2721 2836 2791 2896 in
2830 2837 3049 2899 numis
3101 2837 3216 2901 usa
3264 2835 3407 2917 est,
3453 2861 3674 2925 aeque
3725 2843 3852 2906 ad-

2325 2929 2587 2991 didiss'et
2628 2931 2697 2991 in
2753 2932 2976 2993 numis
3014 2931 3127 2994 seu
3161 2935 3848 3015 ΣΕΒΑΣΤΗΝΩΝ,

2321 3022 2433 3084 seu
2468 3027 2896 3088 ΑΝΚὫΡΑΣ
2923 3027 3273 3113 inscriptis.
3371 3034 3472 3095 At
3507 3034 3843 3110 videmus,

2321 3118 2392 3178 in
2440 3119 2757 3182 omnibus
2808 3125 3028 3186 numis
3087 3143 3241 3187 cum
3278 3128 3649 3214 epigraphe
3687 3128 3843 3193 An-

2320 3232 2503 3296 cyrae
2541 3216 2938 3301 metropolis
2972 3219 3241 3281 titulum
3277 3238 3622 3307 nunquam
3660 3224 3846 3287 a'bes-

720 3316 985 3391 dendo,
1027 3328 1163 3375 non
1202 3329 1367 3374 vero
1408 3308 1752 3373 abolendo
1791 3319 2007 3383 vetuS,
2051 3305 2237 3389 quod
2317 3308 2440 3385 se,
2507 3322 2578 3372 et
2621 3330 2965 3394 nunquam
3020 3314 3187 3377 addi
3253 3337 3405 3381 cum
3469 3321 3843 3404 epigraphe

718 3415 883 3475 item
921 3408 1188 3485 fecere,
1240 3418 1313 3469 ut
1366 3406 1508 3470 alia
1552 3405 1881 3490 exempla
1924 3416 2232 3479 taceam,

710 3600 733 3669 i
748 3620 790 3667 n
813 3621 1097 3687 quorum
1114 3600 1332 3693 nuruis
1349 3599 1521 3662 ΣΕΒ
1532 3598 1996 3662 ΑΣΤΙ-ΙΝΩΝ.
2019 3596 2234 3660 ΘΕΣ-

720 3696 1060 3765 ΣΑΛΩΝ.
1077 3714 1173 3741 ⁴—-
1193 3694 1619 3758 CCBACTH.
1662 3690 2133 3757 AMACTPIC.
2137 3724 2235 3738 --

2319 3404 2628 3493 Sebqstes.
2730 3406 2927 3489 Quae
2983 3410 3124 3492 ejus
3175 3413 3401 3492 ratio,
3473 3414 3520 3476 fi
3556 3436 3694 3479 una
3731 3434 3840 3478 ea·

1109 3500 1548 3581 Amastriani‚
1598 3499 2077 3564 Heracleenses
2106 3512 2232 3562 etc.
2315 3502 2611 3584 demque
2651 3502 2810 3569 urbs
2843 3498 3023 3568 fuit?

2317 3634 2326 3647 ν
2418 3597 2534 3664 IV.
2588 3596 2952 3680 Quaeritur
3007 3601 3170 3664 item
3204 3650 3224 3681 ‚

3309 3622 3426 3669 cur
3493 3604 3840 3671 vocabulo

2317 3694 2950 3758 ΣΕΒΑΣΊἩΝΩΝ
2969 3697 3236 3762 addidit
3265 3701 3452 3764 aliud
3473 3702 3840 3769 TEKTO·

719 3794 1084 3861 CCBACT.
1116 3789 1630 3853 ’.ΗΡΑΚΛΕΩΝ
1661 3789 1730 3850 in
1762 3806 1994 3866 numo,
2032 3806 2232 3870 quem
2315 3791 2680 3853 Saron?
2728 3790 3044 3855 nimirum
3086 3805 3161 3858 ut
3205 3794 3268 3857 se
3313 3796 3402 3859 ab
3456 3798 3612 3862 aliis
3663 3799 3848 3862 urbi

720 3878 1101 3957 Heracleae
1134 3886 1335 3950 Ponti
1360 3884 1595 3948 tribuit
1626 3884 2049 3964 Pellerinius,
2099 3884 2233 3947 La-

723 3987 867 4050 mia
902 3982 1327 4049 Thessaliae.
1381 3976 2021 4046 ΣΕΒΑΣΤΗΝΩΝ.
2076 3987 2234 4045 ΛΑ-

2322 3885 2491 3958 buS,
2542 3882 2812 3947 Sebaste
2857 3887 3024 3950 item
3080 3892 3325 3969 dictis»,
3395 3894 3845 3970 discerneret,

2313 3978 2592 4043 addidit
2623 3979 3081 4068 Tectosagos,
3135 3991 3206 4050 in
3251 3988 3498 4070 quibus
3535 3988 3654 4053 [ita
3688 3988 3844 4054 fuit.

724 4083 1032 4148 ΜΙΕΩΝ.
1070 4082 1141 4151 in
1182 4097 1522 4143 marmore
1577 4077 1960 4140 Muratorii.
1992 4070 2060 4163 ἆ)
2160 4079 2276 4141 Si.
2317 4074 2690 4155 Quomodo
2740 4096 2902 4161 ergo
2944 4079 3253 4160 Sebaste,
3306 4083 3469 4147 olim
3514 4088 3844 4169 Ancyra,

727 4198 886 4263 ergo
922 4181 1202 4262 Ancyra
1240 4192 1487 4239 nomen
1521 4172 1704 4235 suum
1746 4192 2091 4256 nunquam
2136 4173 2232 4236 se-

2318 4168 2394 4231 se
2438 4169 2749 4234 discrevit
2794 4173 2886 4236 ab
2932 4176 3151 4242 altera
3198 4191 3385 4242 certa
3443 4180 3716 4246 Sebaste
3769 4183 3850 4244 in

723 4275 983 4360 posuit,
1037 4287 1154 4337 aut
1206 4291 1358 4336 cum
1414 4270 1683 4333 nomine
1732 4268 2034 4332 Sebastes
2085 4288 2229 4353 per
2318 4264 2563 4328 iisdem
2600 4268 2992 4359 Tectosagis
3021 4274 3236 4358 polita
3266 4278 3297 4337 ’ἒ

724 4370 1015 4436 mutavit
1043 4416 1063 4444 ‚
1126 4369 1237 4430 sed
1287 4369 1419 4432 hac
1469 4364 1928 4451 appellatione
1954 4411 1974 4439 ,
2050 4364 2234 4448 quod

2418 4361 2521 4425 Ex
2555 4362 2663 4427 his
2707 4383 2870 4450 ergo
2909 4371 3060 4450 jure
3101 4371 3525 4458 colligimus,
3578 4374 3840 4441 nullam

799 4578 853 4641 a)
893 4575 957 4631 B.
994 4575 1058 4628 1..
1097 4574 1170 4634 T.
1206 4573 1508 4630 xxxva.
1545 4589 1604 4643 p.
1640 4588 1761 4644 39²·

1957 4569 2015 4637 b)
2058 4546 2181 4642 pag.
2217 4590 2340 4643 550.

2530 4578 2582 4645 e)
2619 4577 2724 4632 Ars
2759 4580 2869 4630 crit.
2905 4578 3018 4650 lap.
3056 4597 3113 4651 p.
3157 4598 3269 4638 ιρι.
3411 4579 3471 4649 d)
3510 4601 3639 4657 pag,
3673 4603 3801 4655 550·
