4125 5500
1156 538 1803 616 SELEVCIS
1858 572 1885 630 ,·

244 765 446 809 numo
486 747 626 811 ΒΜ.
676 745 742 809 in
804 745 1004 830 Syria
1043 747 1179 826 jam
1224 743 1355 809 fuit
1400 745 1574 811 in'ter
1632 768 1748 812 au·

248 854 547 905 tumnum
592 845 751 921 764.
803 855 869 904 et
915 854 1307 906 autumnum
1347 847 1509 926 765.
1610 844 1745 906 Nu-

240 938 332 1001 mi
366 934 767 1022 postremum
806 958 1053 1001 annum
1098 936 1349 1002 habent
1395 937 1579 1019 ZM.,
1633 940 1749 1022 qui

238 1034 462 1118 coepit
498 1033 565 1097 in
601 1030 927 1098 autumn'o
958 1037 1040 1098 V.
1082 1033 1160 1098 C.
1228 1037 1386 1119 769.
1444 1037 1743 1098 exiturus

232 1131 297 1193 in
332 1140 657 1193 autumno
698 1150 857 1211 770.
958 1131 1229 1194 Revera
1266 1133 1357 1194 ad
1391 1152 1640 1196 annum
1660 1134 1743 1194 V.

182 1223 304 1288 ·C.
358 1244 521 1308 770.
573 1225 780 1290 refert
835 1227 1160 1304 Tacitus,
1213 1233 1270 1303 ⁸)
1342 1227 1743 1304 Tiberium,

225 1322 502 1404 quando
559 1320 1037 1387 Germanicum
1097 1323 1343 1386 orienti
1395 1323 1742 1410 praefece-

221 1429 365 1495 rat,
437 1416 750 1508 demovfft
821 1418 1022 1505 Syria
1095 1421 1401 1483 Creticum
1463 1419 1742 1485 Silanum

212 1530 327 1599 per
364 1506 751 1601 adfinitatem
790 1535 1128 1580 connexum
1165 1517 1554 1594 Germanico,
1593 1518 1743 1602 quia

216 1609 427 1675 Silani
441 1611 591 1698 filia
630 1614 911 1689 Neroni,
977 1612 1349 1701 vetnfiiffimo
1405 1611 1741 1678 libet-orm

212 1707 380 1791 ejus,
424 1718 627 1792 pacta
659 1717 821 1792 erat,
859 1707 1279 1795 praefecitque
1308 1708 1416 1774 Cn.
1458 1710 1739 1797 Pisonem

209 1813 316 1866 etc.
415 1803 622 1866 Adeo
669 1804 1069 1890 plerumque
1108 1790 1327 1867 belle
1320 1806 1505 1867 numi
1552 1816 1735 1869 vete-

207 1918 352 1975 res,
405 1897 526 1961 sed
565 1899 767 1985 probi
802 1911 871 1963 et
905 1901 1033 1963 rite
1064 1899 1223 1963 lecti
1249 1919 1403 1963 cum
1426 1913 1735 1965 veterum

205 1991 609 2059 testimoniis
650 1993 1053 2081 conspirant.
1154 1996 1345 2063 Idem
1396 1997 1508 2060 hic
1556 1997 1730 2061 Sila-

203 2106 331 2153 nus
373 2104 799 2155 memoratur
837 2092 1041 2155 etiam
1064 2091 1135 2155 in
1163 2094 1384 2156 numis
1416 2094 1757 2157 coloniae·

203 2187 451 2270 Beryti
500 2187 921 2267 Phoenices,
972 2186 1256 2274 scripto:
1309 2183 1585 2254 PERM.
1622 2189 1729 2254 SI·

195 2282 512 2442 ΙἈῐξῖιῐῑίο
565 2378 794 2443 arietis
852 2379 1148 2445 salientis
1208 2378 1482 2445 dabitur
1544 2379 1728 2445 infra

195 2481 255 2555 ς.
291 2474 516 2539 XVII.

466 2672 519 2748 ς.
578 2665 789 2732 VIII.
831 2666 1020 2734 Aera
1070 2666 1463 2756 Caesariana.

284 2849 644 2942 postposui
682 2879 916 2924 aeram
971 2859 1451 2925 Caesarianam
1495 2858 1721 2925 Actia-

177 2977 314 3024 cae
394 2953 512 3018 etfi
570 2957 806 3019 ordine
869 2958 1212 3043 priorem,
1305 2958 1490 3041 quod
1564 2969 1722 3021 ante

171 3068 504 3137 tempuS,
565 3052 634 3114 in
680 3072 816 3137 quo
863 3071 1038 3116 nunc
1103 3052 1364 3132 sumus,
1432 3072 1590 3117 raro
1649 3056 1720 3117 in

174 3149 416 3212 numnis
513 3148 957 3212 Antiochenis
1041 3147 1358 3234 usurpata
1389 3197 1409 3228 ,
1485 3149 1715 3212 saltem

173 3244 371 3330 quod
418 3254 608 3306 certo
663 3242 953 3322 constet,
1009 3244 1326 3331 deinceps
1395 3244 1539 3308 sola
1583 3248 1714 3308 An·

166 3339 491 3404 tiochiae
516 3351 861 3404 monetam
899 3352 1212 3425 occupat.
1310 3339 1501 3418 Dixi,
1529 3344 1713 3424 quod

98 3477 103 3480 2
168 3431 369 3501 certo
439 3433 742 3514 constet,
808 3455 968 3498 raro
1038 3435 1468 3523 usurpatam3
1552 3455 1729 3500 nam·-

168 3535 265 3597 ad
308 3552 478 3595 eam
533 3530 715 3594 forte
781 3531 1098 3616 exigendi
1143 3534 1458 3612 numeri,
1539 3553 1711 3622 quos

163 3629 375 3714 supra
425 3631 485 3707 ς.
524 3627 612 3690 11.
645 3627 714 3690 iu
757 3628 1228 3694 numisaerae
1272 3630 1574 3693 incertae
1610 3649 1733 3693 ren

164 3723 428 3789 censui.
488 3779 497 3786 .
539 3723 881 3788 Hactenus
912 3723 1274 3790 habuimus
1319 3735 1574 3790 certam
1598 3744 1709 3788 ae·

154 3841 317 3887 ram
361 3817 858 3884 Caesarianam
891 3821 961 3882 in
1006 3841 1185 3887 anno
1217 3825 1356 3888 AN.
1390 3822 1504 3887 sed
1546 3840 1707 3886 con·

148 3920 400 4000 juncto
436 3935 597 3979 cum
632 3934 812 3978 anno
834 3907 1183 3983 ‘Actiacae
1229 3926 1326 3988 ςΛ
1367 3919 1438 3984 in
1472 3938 1707 4002 numo,

157 4033 373 4099 quem
423 4017 484 4093 §-
523 4011 643 4074 111.
679 4012 931 4088 citavi,
983 4034 1069 4077 ex
1103 4035 1243 4101 quo
1272 4026 1513 4101 patet,·
1552 4035 1707 4079 eam

152 4111 378 4175 etiam
414 4121 571 4172 tum
613 4108 930 4183 valuisse,
982 4129 1136 4173 cum
1168 4113 1470 4175 maxime
1522 4111 1708 4174 Acti·

151 4227 284 4271 cae
320 4205 469 4269 fuit
505 4203 681 4283 usus,
734 4202 846 4266 sed
880 4205 1323 4288 praevaluisse
1349 4208 1705 4270 Actiacam

122 4304 561 4390 imperante
594 4296 893 4386 Augusto
915 4348 937 4380 ‚
987 4301 1174 4386 quod
1206 4302 1523 4392 insignem
1563 4305 1709 4386 ejus

186 4603 278 4683 ἰ)
325 4615 494 4670 Ann-
532 4611 612 4672 11.
653 4633 699 4676 e.
740 4627 821 4685 43.
1014 4611 1071 4682 b)
1104 4617 1160 4669 in
1196 4609 1325 4668 Tib.
1365 4630 1414 4667 e.
1450 4627 1536 4678 42.
1564 4593 1575 4598 “

1978 532 2178 617 PIE
2205 540 2276 617 R
2293 542 2332 618 I
2345 541 2447 618 Λ.
3229 571 3366 639 279

1837 746 1928 809 ad
1978 745 2252 808 Actium
2292 743 2656 808 victoriam
2687 739 3094 822 testabatur,
3149 760 3216 810 et
3235 749 3352 811 ad·

1833 841 1966 908 huc
2000 843 2178 905 inter
2209 843 2404 904 initia
2433 840 2732 915 Tiberii,
2785 852 2859 902 ut
2891 861 3052 905 mox
3106 863 3193 905 ex
3230 864 3352 907 nu-

1831 937 1959 1001 mis
2005 937 2220 1001 Silani
2276 939 2598 1004 vidimus.
2701 935 2837 999 Sed
2885 950 3075 1021 patet
3141 941 3350 1003 etiam

1832 1054 1919 1096 ex
1965 1036 2221 1111 numiS,
2263 1024 2754 1097 Caesarianam
2793 1033 3172 1118 imperante
3225 1037 3350 1098 Ti-

1827 1127 2022 1193 berio
2061 1128 2148 1193 sic
2187 1129 2598 1193 'Antioohiae
2630 1127 3015 1208 stabilitam,
3068 1143 3140 1193 ut
3168 1134 3351 1195 Acti·

1830 1228 2029 1288 acam
2071 1246 2157 1289 ex
2195 1238 2474 1289 moneta
2524 1224 2947 1300 extruderet,
3029 1238 3099 1289 et
3161 1222 3345 1291 dein-

1829 1328 1988 1406 ceps
2025 1322 2182 1407 ipsa
2198 1320 2339 1384 sola
2373 1324 2652 1406 vigeret,
2706 1331 2775 1383 et
2810 1323 3346 1409 quotiescunque

1827 1438 1873 1481 a
1908 1417 2342 1502 scriptoribus
2381 1417 2723 1482 inferioris
2759 1418 2923 1480 aevi
2961 1439 3167 1484 aerae
3203 1422 3339 1483 An·

1821 1514 2183 1578 tiochenae
2220 1513 2297 1576 fit
2349 1515 2654 1593 mentio,
2717 1513 2861 1578 sola
2917 1513 3090 1579 haec
3173 1536 3339 1580 aera

1822 1608 2749 1696 Caesarianaintdligeretur.
2802 1610 3145 1690 Diximus»,
3178 1632 3337 1676 coe-

1818 1706 1981 1791 piss'e
2015 1710 2102 1771 V.
2138 1705 2214 1771 C.
2261 1725 2452 1791 705,
2493 1708 2680 1792 quod
2717 1719 2785 1771 et
2812 1705 3217 1791 probabitur
3244 1729 3335 1775 ex

1813 1803 2058 1869 numia.
2160 1804 2300 1867 Sed
2343 1802 2545 1866 varia
2615 1816 2994 1886 martyrum
3047 1816 3208 1869 acta
3255 1807 3332 1868 vi

1813 1897 2455 1985 chronologicorum
2503 1898 2973 1964 characterum
3056 1901 3336 1986 exigunt

1810 2014 1938 2079 pro
1991 2015 2196 2059 aerae
2263 1995 2460 2059 initio
2532 2014 2782 2059 annum
2850 1998 2938 2069 V
3001 1993 3078 2060 C.
3161 2000 3327 2079 706.
3363 2054 3366 2057 .

1812 2089 1967 2172 Qua
2048 2093 2316 2155 ratione
2394 2090 2570 2155 haec
2636 2091 2988 2157 conciliari
3031 2093 3358 2179 possint.-

1804 2188 1966 2251 vide
2004 2188 2077 2251 in
2120 2188 2479 2252 Memoriis
2515 2189 2734 2257 Paris.
2785 2188 3075 2315 inscript.
3117 2190 3328 2256 Tom
3391 2224 3397 2233 ·

1803 2283 2012 2348 XXX.
2054 2305 2122 2370 p.
2166 2302 2325 2368 231.

2409 2482 2501 2557 .§.
2549 2476 2672 2544 IX.

1897 2660 2336 2735 ΤΙΒΕΡΙΟΣ.
2373 2667 2734 2744 ΚΛΙΣΛΡ..
2802 2670 3313 2740 ΣΕΒΑΣΤΟΣ.

1801 2762 2006 2848 Caput
2046 2764 2285 2829 Tiberii
2315 2766 2479 2832 laur.
2516 2770 2575 2838 x
2622 2767 2795 2831 Em.
2838 2769 3309 2835 ΦΛΑΚΚΟΤ.

1795 2859 2345 2929 ΛΝΤῙΟΧΕΩΝ.
2385 2879 2591 2927 annus
2628 2863 2761 2927 1311.
2811 2866 2988 2929 intra
3022 2879 3314 2930 cornuam

1794 2955 1933 3018 ΛΕ.
1996 2956 2085 3021 11.
2145 2957 2457 3041 (Morelli
2507 2957 2676 3022 fam.
2739 2960 3077 3044 Pompon.
3133 2962 3308 3026 Mus.

1794 3048 1992 3114 Caes.
2030 3051 2236 3117 Notis
2273 3074 2378 3140 ep.
2422 3055 2692 3138 Syrom.
2731 3076 2801 3142 p.
2862 3055 3058 3138 141.)

1886 3149 2121 3211 Annus
2162 3151 2298 3213 ΒΠ.
2356 3152 2598 3215 ductus
2667 3151 2760 3216 ab
2805 3170 2969 3215 aera
3020 3151 3307 3217 Actiaca

1790 3246 1872 3306 V.
1911 3243 1988 3306 C.
2030 3262 2192 3327 723.
2235 3245 2668 3332 responderet
2702 3267 2885 3311 anno
2931 3251 3014 3322 V,
3043 3247 3304 3327 C·804.

1789 3339 1904 3424 qui
1968 3339 2233 3405 Tiberii
2297 3342 2658 3429 imperium
2712 3357 2779 3408 et
2846 3344 3063 3408 vitam
3110 3348 3306 3410 annis

1786 3436 1964 3499 xlv.
2017 3438 2308 3501 excedit.
2405 3440 2773 3502 Ducendus
2806 3460 2967 3524 ergo
2995 3440 3093 3503 ab
3123 3441 3299 3527 Epo·

1785 3531 1918 3595 cha
1969 3528 2381 3597 Caesariana
2416 3537 2500 3608 V,
2531 3532 2607 3597 C.
2681 3553 2843 3618 7⁰5·
2911 3548 2980 3599 et
3047 3555 3136 3598 ex
3166 3537 3302 3601 hac

1782 3623 1933 3713 lege
1968 3624 2262 3713 [ignatus
2303 3649 2546 3695 numus
2585 3631 2676 3695 ab
2723 3643 3053 3696 autumno
3097 3634 3180 3696 Vt
3217 3631 3296 3696 C.

1878 3820 2302 3905 Pomponius
2373 3822 2661 3887 Flaccus
2730 3822 2972 3907 Syriae
3028 3823 3293 3910 praeses

1782 3917 1981 4002 saepe
2020 3935 2068 3979 a
2103 3917 2391 4002 Iosepho
2415 3965 2436 3997 ‚
2490 3918 2816 3982 Suetonio
2840 3966 2859 3996 ‚
2914 3921 3164 3985 Tacito
3204 3924 3292 3984 ci-

1779 4025 1988 4079 tatur.
2155 4013 2553 4077 Suetonius:
2626 4002 2689 4097 1’)
2763 4034 3028 4098 quorum
3107 4017 3296 4081 alteri

1779 4104 2106 4195 (Fiacco)
2143 4108 2395 4193 Syriam
2423 4110 2708 4173 continuo
2758 4108 2949 4176 dedit.
2998 4111 3289 4176 Factum

1780 4204 1948 4269 istud
1984 4200 2244 4290 colligit
2276 4203 2570 4269 Norifius
2607 4205 2688 4266 V.
2710 4200 2969 4287 (2:775.
2998 4204 3060 4288 ⁶)
3099 4208 3288 4269 Mor·

1778 4314 1970 4366 tuum
2015 4299 2087 4361 in
2125 4301 2328 4385 Syria
2379 4302 2450 4364 in
2499 4298 2887 4386 magistratu
2913 4302 3124 4366 tradit
3147 4303 3320 4366 Ta-¹

1711 4611 1760 4680 c)
1798 4611 1992 4671 cenot.
2027 4601 2135 4682 Pis,
2171 4609 2398 4688 diffilu.
2437 4631 2484 4675 c.
2527 4614 2612 4674 16,
2649 4613 2701 4681 ς,
2747 4631 2825 4680 ι3.
2915 4685 2926 4696 ·
