4125 5500
1211 746 1846 838 Imperator-ii.

865 941 975 1005 Ab
1007 942 1298 1030 Augusto
1337 967 1550 1030 usque
1589 949 1678 1011 ad
1722 947 2186 1015 Valerianum.

862 1138 1313 1228 Bipennissola
1345 1136 1755 1221 frequenter,
1788 1144 2287 1232 Amazonstans,

763 1234 836 1295 in
914 1254 1123 1297 numo
1213 1234 1557 1318 Crispinae
1583 1286 1603 1317 ,
1677 1238 1960 1325 (Vaill.)
2037 1243 2289 1327 Equam,

765 1329 1094 1412 (Pellerin
1117 1330 1348 1418 Suppl.
1375 1330 1465 1401 ΙΙ.
1500 1356 1570 1421 p.
1600 1334 1751 1418 76.)
1805 1337 1965 1418 quin
1999 1350 2067 1399 et
2095 1335 2296 1421 Apol-

763 1433 824 1488 lo
858 1431 1039 1516 stans
1094 1428 1180 1493 ad
1209 1447 1393 1500 aram
1433 1430 1498 1497 d.
1546 1441 1752 1495 tenens
1786 1453 2032 1495 ramam
2063 1433 2289 1523 lastra-

766 1523 970 1608 lem,s.
990 1525 1325 1608 bipennem,
1381 1526 1706 1611 (Pellerin
1726 1526 1885 1590 Mel.
1913 1528 1964 1592 I.
1997 1549 2068 1612 p.
2103 1549 2232 1591 roo
2239 1527 2293 1612 )

765 1619 1011 1702 quibus
1058 1627 1240 1711 typis
1277 1627 1639 1700 docemur,
1695 1623 2046 1686 credidisse
2079 1645 2293 1709 popu·

765 1715 948 1780 lares
971 1764 992 1798 ‚
1047 1719 1108 1780 se
1144 1721 1233 1786 ab
1272 1727 1625 1785 Amazone
1656 1720 2001 1802 Thyatira
2029 1720 2293 1783 descen·

771 1815 932 1876 dere
959 1863 977 1893 ,
1022 1815 1135 1878 etsi
1163 1822 1301 1900 eius
1325 1817 1616 1882 nominis
1641 1816 2098 1899 etymologias
2119 1815 2293 1877 alias

765 1926 1115 1998 proponat
1155 1914 1538 2001 Stephanus
1580 1913 1822 1997 dignas
1861 1914 2006 1995 ejus
2046 1911 2291 1975 aetatis

770 2012 1250 2092 grammatico.

868 2102 1191 2191 Amphion
1210 2120 1270 2174 et
1283 2105 1537 2175 Zethus
1552 2123 1878 2172 novercam
1898 2103 2135 2172 Dircen
2157 2113 2293 2170 tan·

766 2224 845 2269 ro
881 2210 1258 2287 reptantes,
1305 2207 1378 2270 in
1431 2223 1637 2268 numo
1679 2222 1865 2270 maz.
1915 2202 2104 2272 mod.
2165 2198 2292 2265 ca-

770 2300 1095 2371 racallae.
1154 2302 1359 2389 (Mus.
1405 2298 1631 2382 Caes.)

870 2392 1100 2459 Simile
1135 2410 1603 2481 argumentum
1632 2393 1717 2455 est
1739 2396 1945 2454 etiam
1977 2394 2048 2454 in
2086 2410 2294 2454 numo

769 2489 1007 2556 Severi
1047 2492 1273 2557 Acrafi
1312 2490 1580 2574 Lydiae
1613 2489 1870 2573 signato
1896 2533 1915 2563 ,
1954 2499 2021 2550 et
2046 2489 2116 2550 in
2139 2507 2295 2551 con-

678 2629 685 2641 ·
772 2589 1098 2658 torniato.
1196 2589 1503 2652 Priorem
1528 2585 1689 2648 olim
1714 2582 2129 2648 delineatum
2156 2585 2294 2647 edi-

771 2687 879 2765 di,
913 2687 974 2773 ⁸)
1026 2689 1406 2769 mirumque
1445 2696 1589 2746 tum
1614 2682 1863 2759 visum,
1916 2681 1987 2743 in
2020 2681 2296 2764 Lydiae

671 2780 676 2784 ’
772 2784 956 2848 urbis
998 2805 1204 2849 numo
1242 2782 1540 2871 pro‘poni
1575 2778 1833 2842 factum
1856 2823 1875 2855 ,
1930 2778 2119 2861 quod
2152 2777 2294 2840 lon-

770 2903 852 2967 ge
891 2883 981 2947 ab
1024 2882 1254 2965 Lydia
1294 2883 1365 2942 in
1416 2878 1750 2941 Boeotiae
1780 2873 2039 2937 finibus
2097 2893 2296 2957 pera-

770 2980 1078 3062 gebatur.
1175 2977 1591 3047 Rationem,
1645 2990 1851 3052 quam
1894 2967 1991 3029 ibi
2045 2986 2297 3051 propo-

771 3078 1032 3151 sueram
1059 3120 1078 3149 ,
1124 3075 1266 3151 jam
1302 3081 1446 3132 tum
1468 3065 1847 3129 levissimae
1872 3064 2301 3140 conjecturae

767 3165 1267 3236 instar‘habui,
1249 3186 1263 3203 ·
1321 3175 1395 3224 at
1441 3179 1593 3220 cum
1634 3158 1837 3218 serius
1896 3156 1966 3217 in
2016 3155 2300 3219 similem

773 3261 1007 3328 Acrafi
1025 3277 1302 3323 numum
1320 3254 1763 3328 offenderem,
1795 3248 2300 3334 mythologiam

773 3358 1164 3426 adcuratius
1216 3351 1519 3427 excussi,
1572 3366 1654 3412 ac
1702 3358 1847 3410 tum
1909 3345 2092 3447 vidi,
2157 3348 2299 3431 Ly-

772 3461 1005 3536 diam,
1057 3472 1140 3518 ac
1189 3450 1558 3543 praecipue
1607 3457 1958 3522 tractum,
2002 3442 2124 3506 in
2159 3465 2294 3529 quo

772 3558 893 3623 fita
924 3554 1081 3618 fuit
1093 3549 1476 3633 Thyatira,
1530 3562 1683 3605 cum
1712 3541 2102 3626 Amphione
2141 3562 2300 3627 pro-

770 3659 956 3719 xime
993 3645 1325 3712 connecti.
1425 3640 1584 3701 Fuit
1619 3636 2173 3720 Tantaluahujus
2196 3639 2296 3701 vi·

771 3749 994 3814 ciniae
1031 3764 1192 3819 rex,
1246 3742 1431 3821 quus
1498 3745 1568 3796 et
1601 3732 1849 3817 insigne
1900 3753 2297 3797 monumen-

772 3859 920 3909 tum
965 3840 1028 3902 se
1078 3839 1149 3901 in
1205 3831 1443 3919 Sipylo
1482 3838 1712 3894 monte
1756 3829 2037 3908 vidiss'e,
2087 3832 2298 3894 tradit

768 3936 1139 4007 Pausanias
1166 3982 1187 4014 ,
1220 3927 1311 4017 ι’)“
1338 3929 1515 4015 quin'
1544 3940 1611 3989 et
1655 3925 1875 4011 Sipyli
1897 3925 2116 3990 sedem
2143 3946 2297 3990 eum

770 4037 981 4103 fixiss'e
1032 4045 1273 4098 auctor
1323 4026 1413 4092 est
1463 4023 1975 4110 Apollodorus,
2008 4024 2069 4110 c)
2121 4044 2297 4108 quae

774 4135 936 4199 urbs
985 4128 1272 4197 Tantalis
1310 4126 1399 4189 ab
1457 4123 1702 4185 eodem
1747 4119 2048 4185 Tantalo
2093 4133 2298 4185 antea

2114 551 2586 630 LYDIA.

2373 754 2468 819 bo
2503 753 2884 839 prodidere.
2937 750 3102 820 Fuit
3132 763 3366 820 autem
3397 752 3755 841 Thyatira
3791 775 3914 823 no-

2373 848 2504 915 stra
2547 852 2788 937 Sipylo
2841 853 3092 916 vicina.
3194 854 3479 917 Tantali
3533 852 3716 917 filius
3784 852 3912 919 fuit

2372 947 2645 1032 Pelope.
2691 993 2700 1002 .
2745 949 2855 1013 Ab
2887 948 3021 1012 hoc
3044 950 3322 1012 credam
3340 949 3758 1034 Thyatiram
3781 952 3906 1016 Pe-

2373 1046 2572 1129 lopiae
2622 1065 2870 1108 nomen
2927 1042 3296 1122 abstuliss'e,
3351 1049 3538 1128 quod
3594 1049 3660 1108 ei
3711 1045 3900 1111 fuill'e

2375 1140 2824 1226 pervetustum
2850 1154 3233 1205 memorant
3248 1141 3505 1206 Plinius
3531 1156 3599 1205 et
3615 1143 3901 1227 Stepha-

2378 1258 2527 1305 nus.
2597 1237 2948 1320 Ejusdem
2989 1237 3273 1300 Tantali
3312 1235 3459 1302 filia
3499 1237 3633 1301 fuit
3678 1239 3903 1304 Niobe

2379 1332 2600 1398 nostro
2617 1334 2778 1398 huic
2797 1333 3170 1417 Amphioni
3195 1347 3445 1418 nupta,
3483 1337 3599 1418 qui
3621 1339 3902 1417 juvante

2377 1431 2590 1495 fratre
2645 1431 2858 1494 Zetho
2916 1430 3169 1493 Dircen
3223 1450 3601 1495 novercam
3669 1431 3902 1496 summi

2382 1529 2677 1593 criminis
2729 1526 3046 1590 adversus
3090 1537 3379 1590 matrem
3423 1526 3612 1590 suam
3663 1530 3896 1592 Antio·

2378 1644 2510 1709 pen
2566 1623 2953 1687 convictam
2999 1621 3361 1687 ferocienti
3404 1637 3607 1688 tauro
3668 1624 3897 1710 alliga-

2376 1724 2499 1796 vit,
2529 1719 2893 1805 praesentis
2917 1721 3104 1782 numi
3124 1734 3626 1805 argumentum,
3683 1720 3898 1804 Ipsam

2375 1816 2646 1879 Nioben
2683 1814 2825 1901 post
2841 1816 3142 1899 prolium
3170 1815 3436 1880 suarum
3459 1815 3712 1881 fimena
3731 1818 3896 1881 redi-

2374 1911 2489 1974 iffe
2529 1912 2839 1997 Sipylum
2889 1913 2981 1974 ad
3017 1924 3282 1996 patrem
3323 1912 3738 1998 Tantalum,
3781 1914 3896 1977 ibi·

2379 2029 2509 2092 que
2545 2010 2616 2071 in
2656 2009 2889 2071 saxum
2932 2021 3425 2073 commutatam
3459 2011 3711 2073 eodem
3745 2010 3896 2073 loco

2376 2104 2587 2168 tradit
2605 2103 3106 2188 Apollodorus,
3144 2106 3623 2173 etPauranias.
3658 2101 3725 2188 ὁ)
3780 2104 3893 2169 Ce-

2377 2200 2564 2263 lebre
2616 2198 3241 2284 istud-Amphionis
3287 2199 3554 2265 factum
3603 2222 3755 2265 cum
3805 2203 3906 2266 ad

2377 2298 2442 2357 se
2481 2309 2760 2380 propter
2806 2297 3243 2380 agnationem
3288 2299 3627 2381 pertinere
3672 2299 3896 2360 crede-

2377 2405 2528 2454 rent
2560 2393 2969 2474 Thyatireni
2997 2438 3018 2467 ,
3051 2391 3510 2455 honorificum
3543 2395 3610 2456 id
3627 2392 3740 2456 libi
3773 2394 3891 2456 du-

2377 2508 2539 2551 xere
2568 2533 2587 2563 ‚
2641 2487 2808 2550 illud
2841 2489 2910 2549 in
2951 2499 3228 2550 moneta
3276 2507 3691 2573 proponere.

2486 2583 2804 2649 Vulcanus
2851 2586 3070 2668 sedens
3124 2583 3376 2666 galeam
3426 2584 3624 2670 super
3694 2586 3895 2653 incude

2363 2678 2691 2768 fabricat,
2745 2678 2945 2765 afflat
2997 2678 3214 2744 Padus
3242 2681 3301 2767 s]
3351 2682 3622 2767 clypeum
3659 2693 3859 2748 tenens
3876 2731 3892 2762 ,

2377 2778 2451 2840 in
2493 2796 2697 2839 numo
2733 2774 3118 2839 Commodi.
3202 2777 3428 2861 (Num.
3483 2801 3677 2849 max.
3716 2781 3898 2849 mod.

2381 2893 2518 2957 reg.
2563 2870 2778 2953 Gall.)

2411 2967 2731 3030 -Narrat
2769 2972 3273 3054 Apollodorus,
3315 2980 3369 3053 θ)
3419 2975 3774 3039 Palladem
3811 2977 3901 3040 ad

2381 3061 2766 3126 Vulcanum
2834 3068 3174 3133 accessisse
3237 3090 3574 3137 armorum
3645 3072 3851 3133 causa
3873 3119 3920 3149 ,.

2384 3176 2562 3238 quae
2595 3158 2712 3220 [ibi
2733 3157 3063 3226 fabricari
3095 3169 3407 3252 petierat.
3503 3166 3734 3230 Faber
3755 3179 3897 3231 tum

2383 3246 2692 3316 oblatam
2725 3255 2848 3319 fibi
2902 3262 3323 3328 occasionem
3357 3278 3555 3328 ratus
3589 3264 3896 3349 potiundi

2383 3351 2521 3431 ejus
2570 3350 2789 3429 deae,
2841 3373 3049 3437 quam
3091 3362 3356 3442 pridem
3407 3361 3717 3445 Iuppiter
3756 3362 3886 3439 ejus

2380 3443 2664 3510 arbitrio
2688 3450 3120 3531 permiserat,
3163 3449 3215 3533 ἢ
3249 3477 3400 3520 cum
3429 3458 3616 3521 votis
3651 3457 3886 3531 (uisi-e·

2377 3541 2622 3605 luctari
2665 3557 3015 3631 pergeret,
3067 3546 3232 3613 fecit
3281 3553 3402 3630 ea,
3458 3573 3639 3634 quae
3694 3552 3886 3615 hone·

2379 3636 2530 3701 flius
2564 3641 2945 3704 reticentur.
3045 3644 3262 3723 Natus
3314 3648 3433 3711 illo
3475 3649 3634 3712 casu
3671 3646 3888 3710 Erich-

2378 3732 2654 3797 thonius
2677 3736 2747 3798 in
2767 3737 3152 3822 serpentem
3177 3742 3474 3808 desinens
3499 3791 3519 3821 ,
3554 3752 3708 3807 cum
3736 3743 3886 3807 ado·

2377 3828 2673 3907 levisset,
2723 3834 3147 3899 Athenarum
3199 3856 3344 3908 rex.
3445 3841 3758 3904 Eandem
3795 3835 3888 3901 fa·

2377 3925 2614 3991 bulam
2645 3931 2889 3994 recitat
2920 3932 3257 4017 Hyginus,
3289 3935 3352 4021 8)

3123 4033 3163 4070 Β

2473 4119 2594 4186 Sol
2617 4117 2914 4207 adversus
2950 4124 3212 4210 inflictus
3242 4073 3449 4208 iridi,
3499 4132 3688 4217 infra
3715 4150 3891 4219 quam

772 4228 1156 4299 vocabatur
1180 4221 1449 4288 testibus
1472 4219 1691 4285 Plinio
1714 4266 1735 4299 ,
1773 4230 1839 4280 et
1872 4216 2107 4281 Solino
2129 4266 2147 4291 ,
2184 4218 2297 4281 sed
2376 4224 2509 4283 tres
2571 4217 2828 4299 leones,
2901 4228 2963 4286 et
3018 4231 3208 4308 caput
3255 4230 3476 4308 tam,
3547 4230 3624 4294 iu
3692 4249 3892 4295 numo

778 4346 986 4415 quam
1004 4337 1227 4421 terrae
1261 4328 1449 4384 motu
1473 4315 1774 4423 eversam
1795 4315 2004 4379 iidem
2027 4326 2096 4379 et
2116 4314 2295 4379 Stra·
2377 4310 2780 4385 Alexandri.

786 4566 797 4575 ’
841 4576 899 4641 a)
936 4574 1105 4633 Num.
1141 4584 1250 4637 vet.
1332 4617 1346 4633 .
1387 4573 1504 4642 269·
1646 4570 1702 4633 b)
1741 4572 1809 4632 L.
1849 4571 1927 4629 H.
1967 4588 2013 4629 e,
2055 4586 2137 4623 22·
2315 4569 2362 4629 c)
2404 4570 2468 4622 L
2507 4572 2700 4644 111.§
2735 4576 2788 4635 6.
2966 4578 3022 4646 d)
3059 4578 3126 4639 L.
3165 4579 3213 4640 Ι,
3251 4597 3296 4633 ο.
3337 4597 3422 4637 22.
3547 4645 3564 4651 ν
3601 4585 3655 4649 e)
3694 4582 3761 4634 L.
3794 4576 3904 4633 111.

1377 4644 1609 4704 Lucian.
1646 4640 1783 4702 dial.
1816 4638 1969 4694 deor.
2006 4651 2055 4703 8.
2233 4642 2287 4709 g)
2322 4637 2463 4693 Fab.
2503 4642 2622 4703 166
3575 4678 3593 4689 .

775 4660 831 4701 c.
867 4659 953 4715 ¹3·
988 4644 1039 4714 ς.
1073 4644 1123 4700 6.
