4125 5500
796 642 938 705 218

1831 617 2262 696 REGES
2363 616 2871 694 SYRIAE.

667 850 673 855 ’
777 835 1106 899 ιο,,ιιειηι
1144 833 1210 881 et
1245 817 1415 882 istud
1478 816 1728 881 imitati
1780 802 2078 883 Romani
2141 820 2305 884 divo
2387 818 2600 884 fratre
2636 819 3032 903 impetitur,
3086 800 3154 878 et
3213 831 3466 901 magna
3515 811 3797 877 ditionis
3853 834 3917 877 a

784 918 902 983 suo
949 916 1122 980 Iulio
1165 912 1406 979 astrum
1430 913 1845 1001 praefixere.

1545 1011 1574 1042 ι

2392 917 2581 981 vitae
2623 926 2819 999 parte
2851 912 3198 976 multatur.
3301 909 3603 973 Subinde
3638 906 3916 971 fratrem

2393 1011 2808 1077 Antiochum
2845 1010 3209 1072 Hieracem
3266 1002 3525 1069 hostem
3603 1017 3918 1091 expertus

882 1105 1093 1193 Caput
1126 1110 1301 1194 regis
1344 1105 1787 1171 diadmatum.
1840 1110 1897 1178 π
1948 1105 2311 1169 ΒΛΣΙΛΕ-
2392 1124 2642 1192 magna
2678 1105 2767 1169 ab
2809 1124 2891 1167 eo
2943 1102 3386 1169 incommoda
3443 1100 3742 1184 accipit,
3815 1099 3920 1163 sed

793 1208 935 1269 ΩΣ.
991 1204 1480 1268 ANTIOXOT.
1534 1201 1830 1266 Hercules
1849 1200 2017 1287 saxo
2057 1200 2318 1290 infidam
2397 1202 2518 1266 illo
2554 1206 2622 1265 in
2676 1200 3183 1284 Mesopotamia
3223 1197 3688 1260 internecione
3743 1198 3919 1259 victo

793 1299 856 1365 d.
900 1297 1139 1364 clavam
1180 1295 1349 1363 humi
1394 1301 1662 1372 attinet,
1707 1317 1825 1380 per
1868 1315 2082 1360 aream
2130 1299 2318 1361 varia
2398 1298 2757 1383 superbum
2821 1297 3090 1362 Callinici
3123 1294 3394 1356 titulum
3432 1289 3551 1353 fibi
3601 1292 3916 1355 adsciscit.

771 1394 983 1484 figilla
1013 1404 1075 1458 et
1112 1403 1678 1480 monogrammata.
1729 1394 1878 1456 AR.
1935 1393 1986 1454 Ι.
2090 1392 2315 1477 (Mus.

792 1490 1036 1567 Caes.)
1118 1562 1125 1571 .

894 1585 1282 1648 Friilichius
1322 1586 1396 1647 in
1440 1586 1571 1651 hoc
1624 1603 1834 1647 numo
1899 1593 2156 1646 certum
2219 1583 2322 1644 vi-

804 1684 922 1747 det
957 1679 1281 1744 Antiochi
1318 1681 1401 1743 11.
1442 1694 1670 1766 caput,
1726 1693 1797 1742 at
1834 1679 2100 1754 causae,
2153 1696 2324 1759 quas

799 1775 1068 1853 adfert,
1120 1776 1265 1839 sunt
1347 1777 1582 1841 exiles,
1730 1776 1891 1854 Ejus
1958 1774 2328 1836 sententiae

799 1871 1199 1937 Peuerinius
1236 1872 1309 1937 in
1350 1871 1463 1934 suo
1500 1873 1585 1934 de
1608 1869 1905 1956 Regibus
1942 1888 2152 1953 opere
2192 1887 2327 1930 non

801 1940 1272 2044 contradixit,
1322 1979 1397 2030 at
1428 1986 1581 2030 cum
1616 1966 1819 2029 serius
1885 1966 2172 2027 eundem
2211 1983 2327 2026 nu·

798 2082 988 2127 mum
1027 2063 1362 2126 iconismo
1404 2061 1782 2147 expressum
1832 2058 2204 2123 restitueret
2257 2061 2362 2120 in·

804 2156 1145 2245 postremo
1180 2157 1297 2221 suo
1342 2176 1584 2242 opere,
1641 2157 1827 2239 quod
1860 2155 2251 2220 Additicns
2234 2174 2330 2217 m-

802 2253 1096 2336 scripfit‚
1181 2251 1264 2315 lic
1333 2251 1753 2314 confidenter
1811 2250 2155 2314 Antiocho
2202 2250 2333 2315 111.

801 2349 1042 2413 tribuit
1063 2395 1080 2425 ,
1132 2359 1207 2409 ut
1237 2350 1383 2430 jam
1421 2345 1778 2409 dubitandi
1814 2347 2045 2410 locum
2075 2345 2332 2410 nullum

800 2443 1140 2527 reliquum
1206 2453 1500 2527 putaret.
1541 2442 1602 2524 ¹)
1718 2440 1904 2505 Sitne
1961 2442 2188 2507 vultus
2241 2428 2332 2504 'in

802 2538 912 2603 his
950 2538 1171 2602 numis
1228 2536 1568 2623 expressus
1608 2538 1933 2601 Antiochi
1979 2538 2100 2601 111.
2125 2584 2145 2615 ‚
2195 2556 2336 2600 non

807 2653 1223 2721 magnopere
1311 2631 1625 2711 laborat,
1727 2652 1885 2697 nam
1971 2635 2336 2697 secundum

808 2735 949 2815 ejus
1033 2731 1252 2817 legem
1289 2777 1310 2809 ,
1391 2749 1597 2814 quam
1672 2730 1874 2818 [upra
1951 2729 2275 2818 proposui
2314 2779 2332 2805 ,

815 2847 1157 2912 quamque
1214 2828 1273 2891 is
1320 2826 1645 2890 hocloco
1694 2827 1980 2912 repetit,
2044 2826 2179 2890 fuit
2226 2827 2338 2891 hic

815 2944 942 2987 rex
968 2924 1272 2986 omnium
1309 2921 1874 2985 lineamentorum
1900 2933 2149 3006 capax.
2202 2923 2341 2986 Sed

809 3020 1117 3104 potiores
1164 3018 1266 3078 illi
1320 3015 1604 3094 causae,
1680 3035 1800 3080 cur
1844 3016 2172 3079 Antiochi
2213 3018 2336 3080 111.

808 3125 1050 3199 putet,
1103 3132 1190 3174 ex
1245 3106 1519 3172 fabrica
1580 3123 1648 3173 et
1692 3122 1864 3194 typo
1893 3156 1914 3188 ‚
1992 3111 2108 3173 sed
2165 3131 2340 3194 quae

816 3226 930 3269 me
966 3207 1191 3286 judice
1233 3224 1317 3266 ne
1352 3205 1575 3268 tenuis
1600 3205 1874 3288 quidem
1911 3208 2343 3287 conjecturae

819 3301 1134 3366 meritum
1164 3299 1446 3378 habent,
1498 3320 1686 3364 novo
1718 3300 2342 3385 iterumargumen·

815 3408 930 3474 to,
983 3417 1190 3481 quam
1224 3416 1407 3481 vaga
1459 3395 1535 3459 fit
1571 3396 1888 3461 doctrina
1931 3417 2022 3460 ex
2093 3399 2343 3482 primo·

824 3511 974 3559 rum
1010 3492 1254 3576 Syriae
1287 3511 1519 3578 regum
1563 3493 1976 3620 imaginibus
2018 3505 2246 3584 capta.

854 3682 1127 3748 Numi
1165 3682 1325 3761 alii,
1376 3700 1550 3765 quos
1586 3696 1948 3767 praeterea
2000 3682 2159 3745 huic
2203 3687 2346 3771 regi

2402 1396 2602 1458 Moto
2643 1395 2712 1455 in
2745 1391 3063 1466 Parthos,
3122 1389 3236 1473 qui
3278 1386 3739 1464 desciverant,
3796 1386 3918 1449 bel·

2404 1492 2473 1554 lo
2507 1492 2727 1556 vietus
2778 1500 3175 1572 captusque,
3231 1497 3299 1546 et
3342 1481 3642 1546 tolerato
3683 1502 3920 1545 novem

2406 1589 2674 1650 circiter
2717 1598 3051 1646 annorum
3076 1598 3351 1643 carcere
3395 1580 3465 1641 in
3505 1596 3790 1662 regnum
3828 1598 3918 1640 re-

2404 1683 2624 1745 miss'us
2657 1680 2893 1766 paullo
2923 1673 3067 1761 post
3101 1692 3282 1811 equo
3314 1672 3621 1737 excuss'us
3663 1673 3830 1737 obit
3844 1677 3913 1737 V.

2409 1776 2485 1841 C.
2519 1787 2692 1860 5¹28.

2507 1874 2702 1936 onr
2733 1864 3058 1945 Laodice,
3065 1865 3264 1932 'unde
3297 1868 3443 1932 nati
3474 1866 3793 1932 Seleucus
3809 1798 3921 1938 ΙΙΙ,

2415 1980 2483 2033 et
2525 1962 2903 2032 Antiochus
2935 1962 3082 2028 111

2903 2168 2932 2199 '²
3029 2146 3273 2223 Numi
3302 2178 3326 2218 .·

2512 2350 2714 2436 Caput
2746 2354 2923 2436 regis
2981 2346 3416 2414 diadmatum-
3462 2350 3521 2417 ,Υ
3568 2342 3935 2406 ΒΑΣΙΛΕ·

2414 2450 2561 2512 ΩΣ.
2614 2446 3130 2511 ΣΕΛΕΤΚΟΤ.
3191 2441 3400 2526 Apollo
3428 2438 3629 2502 nudus
3669 2439 3842 2509 stans
3871 2436 3930 2500 ἄ.

2418 2541 2604 2607 tetum
2626 2589 2645 2619 ‚
2679 2546 2742 2627 fi
2782 2540 3018 2625 tripodi
3071 2542 3353 2602 innixus.
3450 2537 3600 2597 AR.
3657 2533 3718 2600 Ι.

2513 2638 2594 2700 Id
2635 2655 2843 2721 genus
2888 2652 3131 2698 numos
3199 2631 3451 2718 passim
3503 2628 3796 2694 Seleuco
3851 2628 3932 2693 11.

2421 2733 2726 2798 tribuunt
2761 2732 3153 2819 antiquarii.
3709 2742 3720 2754 ‘

3163 2825 3196 2860 Ι

2984 2878 3014 2912 ἡ
3345 2875 3375 2909 Ι
3805 2907 3818 2914 -

2520 2926 2723 3012 Caput
2751 2928 2927 3010 regis
2962 2922 3384 2990 diadematum
3416 2919 3675 3007 prolixe
3706 2917 3927 2985 barba-

2419 3031 2569 3087 tum.
2620 3029 2679 3095 π
2728 3021 3206 3086 ΒΑΣΙΛΕΩΣ.
3236 3013 3765 3082 ΣΕΛΕΤΚΟΤ.
3817 3015 3934 3078 Pe-

2414 3117 2612 3204 gasus
2633 3115 2870 3182 volans.
2918 3116 3059 3179 AE.
3113 3115 3402 3200 (Haym
3425 3157 3445 3190 ,
3496 3109 3841 3192 melich.)

2523 3216 2711 3276 Vnus
2745 3210 2857 3276 hic
2896 3211 3090 3293 hujus
3128 3209 3393 3274 Seleuci
3452 3226 3695 3270 numus
3731 3218 3944 3269 certus

2425 3319 2707 3393 propter
2748 3319 3050 3371 mentum
3106 3292 3508 3369 barbatum.
3597 3301 3770 3365 Sane
3823 3303 3944 3363 Po·

2421 3400 2658 3487 lybias
2697 3422 2851 3466 eum
2914 3406 3240 3480 Πωγωνοι,
3292 3398 3597 3482 barbam,
3650 3397 3946 3485 appella·

2426 3511 2571 3562 tum
2600 3498 2843 3561 diserte
2891 3498 3123 3561 tradit.
3227 3493 3517 3560 Causam
3556 3513 3695 3557 non
3734 3494 3947 3568 addin

2321 3617 2330 3626 ·
2427 3613 2548 3658 cur
2586 3593 2879 3658 barbam
2918 3590 3319 3680 promiserit.
3418 3593 3514 3653 At
3552 3589 3948 3665 verisimile,

2425 3688 2687 3760 factum
2723 3688 2931 3767 istud,
2982 3688 3149 3772 quia
3175 3686 3361 3772 apud
3392 3684 3690 3749 Parthos
3735 3685 3944 3770 capti-

822 3778 1061 3843 avitis
1119 3778 1398 3842 eruditis
1460 3777 1756 3842 adscribi
1820 3778 2078 3856 video,
2159 3783 2348 3844 omni
2428 3804 2555 3848 vus
2583 3765 2837 3861 haesit,
2890 3805 2977 3847 ex
3014 3803 3152 3867 qua
3195 3782 3438 3845 eadem
3475 3781 3680 3844 causa
3725 3779 3942 3844 verifi-

822 3874 1091 3959 Penitus
1126 3884 1319 3937 certo
1353 3873 1627 3937 criterlo
1678 3887 1933 3941 carent·

922 4063 1541 4133 SELEVCVSII.
1592 4066 1949 4147 Callinicum,
1999 4070 2250 4155 Pogon.

920 4258 1244 4323 Antiochi
1282 4260 1368 4322 ΙΙ.
1403 4270 1471 4323 et
1499 4260 1839 4326 Laodices
1869 4261 1948 4324 F.
2050 4260 2162 4325 Ob
2197 4281 2352 4325 cae

2431 3877 2604 3943 mile
2636 3881 2841 3944 etiam
2865 3928 2884 3958 ‚
2935 3878 3364 3943 Demetrium
3408 3876 3498 3939 11.
3538 3876 3771 3940 aluiss‘e
3809 3876 3951 3937 bar·

2430 3974 2592 4039 bam
2620 4023 2639 4054 ,
2671 3988 2767 4044 .ut
2823 3977 3104 4041 dicetur.
3205 3971 3426 4037 Causa
3479 3972 3720 4060 Pegasi
3797 3969 3957 4034 mihi

2436 4072 2694 4157 ignota.
3192 4165 3222 4200 n

2535 4265 2736 4351 Caput
2783 4266 2959 4351 regis
2999 4261 3445 4333 diadematum.
3495 4268 3555 4339 κ
3605 4264 3818 4328 ΒΑΣΙ
3825 4261 3964 4325 ΛΕ·

824 4355 967 4420 sam
1055 4375 1208 4417 cum
1252 4354 1434 4418 filio
1515 4376 1886 4421 novercam
1979 4358 2352 4420 Berenicen
2438 4362 2580 4426 ΩΣ·.
2659 4361 3177 4428 ΣΕΛΕΤΚΟΥ.
3215 4358 3388 4427 Rex
3428 4379 3633 4448 equos.
3709 4353 3868 4423 ΑΕ.
3915 4358 3965 4419 Ι.

824 4449 1011 4515 bello
1044 4470 1089 4514 a
1140 4450 1543 4517 Ptolemaeo
1600 4453 1933 4538 Evergete
1985 4453 2350 4517 Berenices

2438 4456 2515 4517 In
2548 4455 2732 4522 alio:
2798 4464 3020 4546 Equus
3077 4453 3411 4541 gradiens.
3506 4456 3650 4518 AB.
3733 4455 3829 4521 11.
3911 4473 3973 4524 τι

877 4590 3933 4628 W

896 4667 954 4730 ε)
989 4679 1049 4736 p.
1088 4675 1206 4728 104,
