4125 5500
713 546 723 573 ἱ
791 598 932 681 30‘6

1687 583 2421 680 sELEvms,
2520 585 3018 661 ΡῙΕΒῙΑ.

739 774 1129 871 ,άίὲεόαέκν,
1167 784 1500 853 Callirhoen
1530 807 1570 852 a
1585 752 1774 872 sorite
1803 789 2203 863 murinarum,
2229 790 2286 862 ⁸)
2373 783 2588 871 posito
2623 783 2765 848 EN.
2818 784 3051 849 Fuere
3086 804 3247 873 ergo
3290 785 3726 851 Ptolemaide
3764 789 3899 851 An-

743 904 977 968 -quam
1004 881 1214 966 ipsam
1252 884 1550 946 indicare
1574 882 1844 946 videtur
1875 880 2281 966 StephanuS,

2367 880 2707 957 tiochcni,
2761 893 2833 944 ut
2868 882 2933 943 in
2975 895 3201 945 vetere
3244 902 3588 945 marmore
3620 886 3892 968 praedi-

693 1020 700 1027 ·
767 981 873 1043 cui
906 978 1132 1063 varias
1163 977 1563 1041 Antiochiae
1587 977 1949 1045 recensenti
1972 970 2282 1062 proditur
2371 987 2610 1043 cantur
2636 976 3697 1055 BERYTENSESPhoenictae,
3734 978 3903 1061 QVI

764 1068 948 1155 ὁγδοη
992 1066 1030 1156 ἡ
1081 1075 1170 1138 ἐπι
1204 1095 1311 1155 της
1348 1075 1713 1160 Καλιρῤοης
1752 1077 2005 1156 λιμνης,
2060 1082 2282 1137 octava
2367 1071 2813 1135 PVTEOLIS
2850 1071 3449 1139 CONSISTVNT.
3482 1071 3544 1155 ⁶)
3579 1075 3695 1137 vel
3738 1073 3901 1138 fient

759 1169 847 1235 ad
886 1168 1083 1236 lacum
1108 1169 1460 1235 Callirhoen.
1525 1168 1665 1232 Alii
1707 1169 2145 1232 Antiochiam
2179 1188 2276 1229 re-

759 1268 1035 1353 spexere
1087 1265 1369 1328 adsitam
1409 1263 1588 1327 forte
1638 1261 1847 1327 fluvio
1889 1262 2281 1339 Callirhoe,

647 1437 662 1449 ,
760 1363 876 1446 qui
910 1360 1320 1425 Damascum
1351 1360 1659 1446 pervasit.
1799 1364 1893 1423 At
1913 1359 2275 1423 Pellerinio

759 1457 944 1523 nullo
979 1470 1187 1541 pacto
1231 1454 1588 1542 probabile
1641 1454 1888 1532 visum,
1944 1467 2274 1516 utrorum-

760 1574 889 1636 que
943 1554 1521 1616 Antiochenorum
1567 1553 1848 1627 numos,
1903 1550 2017 1633 qui
2049 1547 2277 1611 forma

665 1706 684 1723 ,
759 1662 829 1711 et
880 1646 1149 1711 fabrica
1199 1661 1267 1710 et
1314 1648 1496 1733 typis
1549 1646 1967 1730 conspirant,
2036 1657 2105 1707 et
2161 1646 2276 1727 qui

760 1744 1025 1827 utrique
1056 1743 1378 1831 Antiochi
1402 1744 1520 1807 IV.
1549 1754 1754 1825 caput
1776 1740 2104 1816 offerunt,
2137 1759 2273 1803 non

756 1842 963 1903 etiam
986 1840 1177 1902 unius
1194 1840 1624 1921 ejusdemque
1642 1837 1936 1921 regionis
1963 1835 2111 1897 esse.
2162 1836 2275 1898 Ad

754 1936 927 1999 haec
955 1946 1173 1999 certos
1197 1934 1478 1996 Edessae
1507 1951 1743 1995 numos
1767 1950 2111 2014 nunquam
2137 1931 2271 1992 An-

750 2029 1050 2094 tiochiae
1102 2030 1374 2093 nomine
1430 2028 1739 2114 signatos.
1843 2025 2014 2108 Quis
2057 2044 2270 2103 vero,

758 2127 954 2190 addit
984 2173 1003 2204 ,
1076 2137 1431 2189 auctorum
1478 2136 1784 2187 veterum
1831 2120 2270 2185 Antiochiam

754 2222 1057 2306 aliquam
1103 2238 1320 2306 prope
1369 2218 1837 2283 Ptolemaiden
1882 2215 2269 2281 constituit?

755 2314 992 2381 Censet
1013 2335 1172 2401 ergo
1196 2317 1301 2378 vir
1336 2317 1949 2392 eruditus‚‚numos
1989 2312 2114 2375 hos
2156 2333 2266 2374 cu-

749 2413 855 2477 sos
880 2412 968 2475 ab
987 2411 1427 2474 Antiochenis
1453 2458 1473 2489 ‚
1527 2413 1640 2495 qui
1660 2408 2050 2474 commercii
2070 2408 2268 2473 causa

745 2510 817 2573 in
856 2527 1153 2597 corpora
1196 2508 1454 2571 redacti
1494 2509 1678 2592 apud
1714 2505 2078 2589 Daphnen,
2110 2505 2263 2566 Pto·

752 2603 1091 2666 lemaiden
1119 2649 1136 2679 ,
1167 2608 1260 2664 ‘et
1289 2600 1680 2666 Callirhoen
1718 2598 2099 2676 constitere,
2147 2619 2264 2665 no-

749 2701 1172 2766 mineautem
1192 2697 1571 2764 Callirhoes
1585 2718 1723 2764 non
1738 2696 2050 2783 intelligit
2068 2692 2264 2758 Edes-

746 2796 888 2860 sam
933 2793 1516 2881 Mesopotamiae,
1570 2796 1682 2858 sed
1732 2811 1947 2877 aquas
2001 2791 2262 2856 calidas

749 2906 936 2956 trans
968 2892 1330 2954 Iordanem
1361 2889 1608 2975 positas
1642 2893 1859 2953 dictas
1891 2881 2262 2978 Callirhoe,

669 3055 678 3060 ,
749 3000 819 3049 et
861 2987 1086 3070 magni
1120 3005 1238 3048 eas
1274 2985 1605 3060 nominis,
1640 2987 1730 3048 ad
1754 3002 1922 3067 quas
1953 2977 2263 3043 Herodes

751 3082 850 3144 M.
894 3082 964 3143 in
1001 3091 1303 3143 extremo
1339 3079 1452 3142 suo
1495 3080 1740 3144 morbo
1774 3075 1932 3141 teste
1976 3075 2261 3164 Iosepho

747 3174 1102 3253 inviserat,
1157 3172 1580 3258 quaestuosas
1626 3174 1812 3236 haud
1844 3170 2045 3234 dubie
2092 3161 2261 3234 mer-

748 3267 1092 3333 catoribus
1125 3267 1214 3332 ob
1246 3268 1596 3334 hominum
1628 3288 1710 3333 eo
1735 3267 2262 3334 commeantium

743 3357 1219 3449 frequentiam.
1253 3355 1318 3448 b)
1401 3397 1416 3404 -

842 3461 1036 3526 Haec
1065 3459 1410 3526 Pellerinii
1465 3460 1830 3538 sententia,
1884 3458 1997 3524 etsi
2036 3459 2258 3523 secun-

746 3559 906 3626 dum
933 3577 1168 3622 omnes
1202 3557 1434 3622 causas
1466 3558 1680 3622 nolim
1716 3554 2080 3620 adfirmare
2117 3575 2257 3618 cer-

741 3667 884 3718 tam
906 3700 925 3731 ‚
964 3654 1114 3718 aliis
1149 3666 1375 3715 tamen
1395 3653 1612 3737 magis
1645 3653 1913 3715 videtur
1942 3649 2289 3714 verifimi-.

742 3751 848 3811 lis.
928 3745 1216 3812 Causam
1238 3749 1679 3833 praecipuam
1699 3758 1861 3831 peto
1896 3765 1985 3808 ex
2005 3744 2225 3834 numia
2239 3790 2260 3821 ,

746 3842 862 3928 qui
884 3841 1329 3907 Ptolemaidis
1359 3844 1759 3919 meminere,
1810 3854 2091 3926 propter
2120 3839 2259 3904 for-

745 3937 1002 4004 mulam
1032 3937 1174 4003 EN.
1211 3939 1811 4006 ΠΤΟΛΕΜΑῙΔΙ.
1833 3984 1852 4015 ,
1878 3957 2052 4021 quae
2075 3934 2258 4024 figni—

740 4034 943 4114 ficat,
994 4029 1455 4100 Antiochenos
1491 4034 1618 4098 hos
1654 4052 1794 4098 non
1839 4053 2056 4120 prope
2099 4034 2260 4096 Pto·

742 4130 1081 4196 lemaiden
1105 4179 1126 4210 ,
1159 4132 1354 4196 sedin
1377 4130 1522 4217 ipsa
1541 4131 1966 4194 Ptolemaide
2003 4127 2259 4190 stetisse.

739 4227 1012 4291 vicinia
1078 4229 1256 4292 enim
1308 4221 1707 4311 praepositis
1765 4225 2019 4289 ΠΡΟΣ.
2079 4224 2256 4290 Em.

739 4327 943 4389 Ano.
982 4322 1270 4390 indicari
1303 4321 1509 4397 solet,
1560 4334 1635 4384 at
1659 4319 1850 4384 locus
1886 4320 2023 4404 ipse
2059 4335 2251 4402 prae-

1500 4570 1559 4630 b)
1596 4570 1727 4622 Rec.
1765 4567 1837 4619 11.

803 4575 876 4640 a)
906 4572 974 4632 L,
1013 4588 1063 4622 v.
1102 4570 1155 4640 §.
1191 4583 1279 4629 ει,

1427 4637 1478 4706 f)
1514 4657 1570 4712 p.
1605 4653 1727 4710 405.

745 4645 797 4711 e)
837 4640 989 4696 Misc-
1024 4657 1082 4712 P·
1117 4651 1238 4707 343-

1875 4583 1935 4638 p,
1974 4581 2093 4635 250.

2369 1187 2414 1230 a
2449 1167 2755 1253 Diogene
2796 1167 3073 1230 Laertio
3117 1169 3431 1231 dicuntur
3464 1160 3520 1233 ὁι
3562 1169 3623 1230 ἐν
3665 1169 3893 1235 Σιδωνι

2369 1249 2658 1339 ΚιτΊιεις,
2706 1263 2999 1342 Citiensis
3028 1262 3454 1349 (Cypri)·qui
3478 1264 3716 1329 Sidone
3752 1284 3891 1330 con-

2330 1359 2581 1446 filium.
2606 1349 2665 1436 d)
2717 1357 2828 1421 Sic
2870 1373 2937 1422 et
2959 1360 3027 1422 in
3048 1360 3505 1423 marmoribus
3536 1352 3889 1425 variarum

2365 1457 2658 1538 gentium
2701 1457 2953 1517 mentio
2976 1501 2995 1531 ,
3050 1474 3225 1538 quae
3262 1456 3332 1518 in
3365 1455 3544 1519 Delo
3574 1456 3891 1520 consede-

2364 1568 2461 1614 re.
2564 1548 2675 1611 Sic
2715 1548 2902 1634 legas
2942 1552 3126 1634 apud
3165 1550 3493 1636 Sponium
3516 1550 3581 1631 θ)
3621 1564 3691 1614 et
3720 1550 3882 1615 Gru-

2361 1655 2579 1706 terum
2630 1634 2687 1723 ¹⁹)
2730 1645 2975 1710 froNs
3014 1648 3355 1719 AHMON.
3411 1647 3631 1711 ΤΩΝ.
3672 1651 3883 1712 ΑΘΗ-

2361 1741 2659 1803 ΝΛΙΩΝι
2696 1740 2913 1803 ΤΩΝ.
2959 1741 3099 1804 ΕΝ.
3142 1744 3442 1806 ΔΗΛΩΙ.
3459 1743 3764 1827 poputum
3780 1745 3883 1808 A.

2357 1830 2774 1919 tbmienfimQ
2827 1838 2935 1920 qui
2978 1838 3047 1901 in
3091 1837 3249 1903 Delo
3282 1841 3457 1918 fimt.
3573 1839 3651 1901 In
3700 1856 3870 1902 mar-

2359 1948 2547 1992 more
2584 1930 2987 1997 Oxoniensi:
3034 1931 3099 2015 ⁸)
3150 1936 3653 1999 AOHNAmN.
3695 1937 3877 1998 ΚΑΙ.

2356 2027 2729 2089 ΣΛΜΙΩΝ.
2777 2031 2886 2092 01.
2925 2029 3688 2094 ΚΛΤΟΙΚΟΤΝΤΕΣ.
3726 2030 3868 2093 EN.

2355 2122 2657 2187 ΔΗΛΩῙ.
2738 2125 2917 2187 ΚΑΙ.
3001 2127 3111 2188 01.
3192 2125 3612 2189 ΕΜΠΟΡΟΙ.
3696 2127 3878 2189 KAI.

2354 2218 2908 2283 ΝΛΤΚΛΗΡΟΙ.
2940 2217 3877 2303 AthenienfiumctSamiorum,

2353 2314 2463 2397 qm·
2502 2311 2796 2395 habitant
2829 2316 2897 2387 ἐκ
2924 2312 3086 2381 Doto
3109 2362 3129 2393 ‚
3183 2325 3548 2381 nus-catores
3572 2325 3643 2379 et
3668 2321 3879 2379 navi..

2351 2407 2574 2472 calar-ii
2616 2418 2756 2497 etc„
2798 2408 2907 2475 Ab
2952 2410 3061 2477 his
3118 2414 3299 2479 adeo
3340 2412 3666 2496 exemplis
3708 2411 3875 2474 satis

2350 2502 2560 2566 solide
2596 2505 3046 2588 praesentium
3076 2521 3476 2592 argumenta
3514 2527 3873 2571 numorum

2351 2596 2793 2684 explicantur.
2854 2626 2862 2633 ·
2898 2601 3075 2663 Vide
3099 2600 3341 2665 fimilia
3371 2603 3693 2688 exempla
3735 2603 3875 2665 alia

2350 2694 2534 2779 apud
2568 2694 3073 2780 spanhemium.
3126 2697 3246 2781 (T.
3281 2699 3334 2763 Ι.
3371 2718 3439 2786 p.
3474 2695 3680 2782 663.)

2398 2787 2681 2862 ,lnhis
2711 2793 2930 2855 numia
2978 2792 3175 2877 saepe
3216 2798 3625 2880 proponitur
3672 2807 3873 2880 caput

2347 2885 2670 2960 Antiochi
2686 2887 2801 2950 lv.
2832 2887 3298 2964 diadematum
3318 2892 3693 2968 radiatum,
3732 2909 3864 2974 quo

2343 2982 2522 3070 forte
2540 2994 2859 3064 regnante
2887 2985 3259 3068 peregrinis
3285 2986 3394 3049 his
3425 2986 3866 3052 Antiochenis

2339 3081 2493 3160 jura
2533 3077 2873 3159 quaedam
2902 3076 3093 3142 fuere
3121 3080 3497 3148 constituta.
3599 3081 3869 3165 Reliqui

2348 3173 2500 3258 typi
2544 3172 2716 3256 nihil
2776 3176 3291 3240 memorandum
3350 3176 3667 3241 offerunt.
3792 3177 3867 3239 Id

2349 3288 2555 3331 unum
2608 3268 3285 3334 anirnadvertendum
3315 3318 3337 3349 ,
3410 3273 3651 3336 Iovem
3704 3268 3866 3334 stan-

2284 3421 2291 3432 .
2344 3378 2484 3428 tem
2511 3410 2532 3441 ,
2588 3376 2657 3430 et
2693 3375 3014 3448 porrecta
3058 3365 3344 3432 dextera
3387 3368 3501 3431 vel
3545 3377 3891 3431 coronam-

2344 3459 2462 3524 vel
2481 3459 2750 3550 galeam
2784 3469 3122 3526 tenentem
3152 3460 3281 3527 effe
3314 3464 3525 3526 etiam
3548 3464 3618 3526 in
3650 3465 3872 3546 numis

2349 3554 2597 3638 Cyrrhi
2630 3567 2702 3618 et
2738 3556 3283 3639 Apameaecum
3307 3560 3533 3643 capite
3572 3558 3875 3622 Alexan·

2347 3650 2452 3712 dri
2489 3650 2542 3711 Ι.
2566 3696 2588 3727 ,
2639 3663 2709 3713 et
2742 3649 2977 3714 Dorae
3020 3649 3394 3719 Phoenices
3436 3672 3591 3718 cum
3646 3658 3873 3740 capite

2343 3745 2769 3830 Tryphonis.

2439 3838 2729 3926 Epor-hae
2787 3861 3007 3910 annos
3052 3844 3351 3911 offerunt
3400 3848 3588 3910 numi
3645 3844 3871 3909 Ptole·

2342 3937 2592 4000 maidis
2616 3983 2637 4013 ,
2680 3949 2748 4000 et
2772 3940 3044 4022 quidem
3079 3944 3182 4008 11’.
3218 3955 3289 4006 et
3312 3943 3512 4008 ΘΠΡ.
3545 3943 3664 4027 qui
3681 3939 3875 4004 hand

2345 4027 2547 4094 dubie
2587 4030 2733 4095 sunt
2772 4053 2976 4098 aerae
3020 4031 3551 4103 Seleucidarum.
3671 4038 3872 4101 Prior

2343 4126 2531 4208 cadit
2557 4126 2628 4187 in
2658 4147 2933 4214 regnum
2965 4132 3289 4198 Antiochi
3310 4133 3474 4209 111„
3524 4135 3714 4213 cujus
3746 4133 3866 4195 eti-

2343 4240 2458 4282 am
2488 4240 2733 4286 numos
2767 4224 3102 4294 habemus
3127 4247 3280 4304 cum
3317 4246 3498 4292 anno
3531 4229 3688 4293 1²13.
3738 4227 3866 4291 Al-

2341 4327 2445 4400 ter
2476 4317 2546 4398 in
2576 4337 2852 4406 regnum
2885 4324 3211 4400 Antiochi
3243 4324 3431 4402 vm.
3450 4368 3470 4402 ‚
3519 4326 3709 4406 cujus
3748 4335 3885 4387 ex·-

2321 4572 2369 4632 c)
2408 4572 2677 4630 Murutori
2711 4588 2768 4643 p.
2808 4587 2926 4640 ²3¹·
2960 4587 3013 4639 4.
3255 4573 3311 4640 d)
3351 4577 3407 4626 in
3447 4579 3560 4632 vita
3598 4578 3868 4635 zenonis.

1918 4635 1972 4703 s)
2006 4651 2156 4695 num.
2194 4640 2441 4699 xxvn.
