4125 5500
1481 553 2129 650 PHRYGI‘A.
3227 551 3434 662 ω’

214 770 325 836 -est
367 775 584 841 mulier
614 779 959 862 tergemina
990 773 1584 863 capitesffpentibus
1606 777 1754 843 hor-

229 880 408 934 rente
458 875 761 958 protensis
777 872 898 958 sex
942 874 1229 939 manibus
1265 873 1478 958 faces,
1532 885 1590 937 et
1614 876 1754 962 ser-

220 976 443 1051 pente-t
477 978 735 1045 unm,
789 990 994 1052 quam
1037 968 1593 1034 auctor'Furiam
1638 992 1753 1056 pu-

229 1073 379 1140 tat‘,
412 1067 465 1140 8)
502 1078 573 1127 at
606 1066 853 1130 certius
891 1065 977 1135 est
1001 1068 1262 1132 Hecate
1285 1112 1305 1142 ,
1345 1077 1418 1127 ut
1450 1067 1541 1130 ad
1575 1072 1755 1153 Apa·

227 1176 457 1221 meam
494 1160 835 1247 Phrygiae
873 1164 1161 1228 dicetur.

331 1257 657 1323 AHMOC.
695 1259 1269 1325 ΑιΖΑΝειΤΩΝ.
1329 1258 1530 1345 caput
1556 1263 1757 1327 Gaii.

223 1358 288 1426 x
367 1351 530 1416 em.
588 1354 760 1419 lor.
814 1353 1386 1420 CCTHPCINOT.
1425 1359 1622 1426 Arx.
1687 1361 1758 1424 r.

221 1448 610 1517 ΝΕΩΚΟΡ.
651 1448 1233 1538 ὁόῌπψιαάνὲςῐε.
1272 1452 1410 1516 ΑΕ.
1434 1453 1489 1526 Ι,
1546 1455 1753 1533 (Wise

223 1544 398 1607 Mus.
443 1545 642 1609 Bodl.
684 1567 749 1631 p.
790 1546 891 1629 7.)
1552 1547 1561 1554 ’

319 1640 642 1706 Eruditus
674 1642 873 1724 hujus
906 1631 1099 1712 numi
1126 1648 1335 1716 index
1368 1645 1440 1712 in
1469 1647 1749 1729 adiectis

214 1738 409 1804 notis
439 1733 503 1819 ¹³)
557 1740 836 1804 aversae
882 1742 1297 1828 epigraphen
1347 1742 1431 1808 fic
1486 1744 1747 1828 explet:

214 1834 385 1900 ΕΠΙ.
456 1836 704 1899 loma
756 1837 1320 1904 CCTHPClNOT.
1370 1840 1746 1919 ΑΡΧιερεως

214 1948 339 2012 τρις
394 1929 894 2012 ΝΕΩΚΟΡων.,
966 1933 1035 1994 in
1089 1954 1225 2017 quo
1271 1934 1434 2000 bina
1469 1935 1743 2016 habeo,

216 2031 397 2107 quae
432 2024 757 2099 solicitern
777 2074 797 2104 ,
830 2029 1123 2112 primum
1152 2033 1339 2114 quod
1367 2033 1741 2102 Aezanitas

216 2117 462 2186 statuat
529 2141 864 2187 neocoros
899 2128 931 2202 ,⁸
1005 2137 1072 2189 et
1121 2128 1396 2211 quidem
1456 2141 1739 2198 ornatos

209 2231 589 2282 neocoratu
626 2219 744 2283 111.
771 2268 791 2299 ,
854 2223 969 2305 qui
1011 2223 1266 2286 nonnisi
1312 2226 1515 2310 primi
1556 2228 1735 2289 ordi·

211 2314 321 2376 nis
378 2315 659 2378 urbibus
710 2316 976 2403 obtigit.
1078 2320 1284 2402 Quod
1354 2321 1395 2384 fi
1457 2323 1735 2388 neocori

208 2406 484 2473 fuill'ent
537 2415 955 2492 Aezanitae‚
1018 2416 1261 2479 mirum
1308 2418 1463 2480 sane
1504 2416 1732 2497 foret,

205 2502 395 2566 hunc
434 2504 763 2570 honorem
804 2511 873 2571 in
909 2521 1014 2575 tot
1052 2511 1206 2580 aliis
1245 2531 1481 2578 eorum
1516 2515 1735 2576 numis

207 2599 542 2663 omiss'um.
644 2605 753 2666 Ad
794 2604 967 2669 haec
1009 2605 1053 2669 fi
1105 2627 1173 2671 ro
1220 2608 1595 2673 ΝΕΩΚΟΡ.
1646 2610 1737 2671 ad

201 2697 584 2762 Aezanitas
606 2701 1012 2783 pertineret,
1051 2705 1375 2769 continuo
1405 2703 1737 2788 legeretur

203 2810 366 2859 cum
392 2794 937 2865 ΑΙΖΑΝΕΙΤΩΝ
968 2802 1438 2879 conjunctum,
1491 2811 1559 2861 et
1595 2818 1732 2863 non

199 2887 373 2950 inde
419 2889 723 2955 avulsum
752 2938 772 2968 ,
826 2895 1004 2957 etin
1057 2894 1345 2961 alteram
1387 2896 1572 2957 numi
1628 2893 1727 2960 fa·

196 2984 381 3046 ciem
403 2989 759 3066 trajectum
794 2989 979 3052 nullo
1004 2988 1211 3052 facile
1230 2991 1369 3054 alio
1391 2992 1726 3076 exemplo.

190 3060 383 3164 Ergo
428 3101 497 3143 το
528 3080 905 3147 ΝΕΩΚΟΡ.
942 3085 1034 3149 ad
1064 3084 1310 3149 Iulium
1330 3086 1725 3152 Severinum

190 3177 540 3262 pertinet,
612 3178 727 3260 qui
778 3193 1136 3263 praeterea
1193 3201 1527 3247 neocorus
1594 3181 1729 3248 fuit

193 3273 523 3357 exemplo
557 3284 661 3337 tot
696 3274 988 3340 aliorum
1028 3274 1532 3363 magistratuum
1554 3326 1576 3357 ,
1612 3280 1727 3365 qui

183 3368 253 3432 se
315 3369 526 3432 etiam
581 3390 914 3436 neocoros
962 3374 1031 3435 in
1092 3374 1310 3438 numis
1370 3376 1513 3439 sunt
1566 3396 1722 3462 pro-

181 3460 360 3527 fessi
389 3512 406 3542 ,
463 3486 632 3550 quos
658 3466 970 3533 dabimus
1005 3471 1077 3532 in'
1093 3481 1387 3535 tractatu
1408 3473 1490 3535 de
1507 3492 1720 3558 popu-

179 3558 272 3623 lis
320 3573 391 3625 et
431 3561 709 3629 urbibus
746 3567 1081 3630 neocoris.
1183 3567 1487 3632 Alterum
1537 3571 1723 3654 quod

175 3654 566 3736 solicitem,
643 3657 765 3739 efl,
835 3683 953 3725 cur
1015 3663 1342 3728 continuo
1388 3686 1474 3729 ex
1508 3666 1718 3730 -APx.

176 3750 415 3814 faciat
458 3756 789 3842 ΑΡΧιερεα
815 3806 832 3834 ,
888 3779 1041 3822 cum
1087 3761 1316 3844 potius
1359 3762 1720 3847 legendum

174 3847 514 3911 videatur
543 3852 879 3933 ΑΡΧοντος
899 3859 968 3918 Γ.
997 3855 1379 3922 Archontes
1406 3855 1721 3943 frequen·

1835 776 2068 840 literas
2117 779 2187 842 B.
2244 777 2320 848 Γ.
2368 787 2493 840 etc:
2564 773 2806 858 quibus
2865 790 3188 857 notatur,
3243 803 3358 846 eos
3440 817 3451 826 ·

1832 874 2060 936 iterum
2094 873 2209 938 vel
2242 877 2496 938 tertium
2530 871 2707 934 hunc
2756 872 3208 957 magistratum
3250 900 3361 942 oc.

1837 970 2104 1053 cupass'e
2137 1017 2155 1045 ,
2225 983 2299 1031 at
2342 973 2509 1053 ἱερεις
2565 968 2680 1030 vel
2720 961 3016 1053 ἀρχιερεις
3057 969 3358 1037 sacerdo·

1835 1066 2004 1128 tium
2053 1067 2238 1132 suum
2281 1085 2442 1132 raro
2487 1083 2844 1127 numerare
2883 1064 3023 1127 sunt
3067 1065 3260 1131 soliti.

1934 1162 2264 1246 Reliquos
2289 1171 2717 1232 'autonomos
2754 1159 2968 1222 habes
2991 1164 3178 1244 apud
3212 1162 3357 1223 Pel-

1838 1256 2188 1335 lerinium‚
2228 1258 2629 1335 Humerum,
2663 1256 2732 1318 in
2757 1256 2981 1319 museo
3002 1255 3355 1322 Caesareo.

1936 1354 2090 1422 ΑΕ.
2141 1355 2284 1422 RR.

2271 1549 2900 1633 Imperator-ii.

1930 1739 2206 1828 Augusti
2252 1744 2421 1806 duos
2465 1744 2652 1807 dedit
2687 1737 3125 1815 PelleriniuS,
3182 1762 3343 1827 quo-

1827 1856 1977 1900 rum
2017 1859 2187 1903 unus
2238 1840 2550 1904 mendose
2593 1838 2966 1904 inscribitur
3006 1838 3342 1905 ΕΖΕΑΝΙ·

1827 1933 2043 2000 ΤΩΝ.
2080 1938 2304 2000 Vnum
2336 1936 2578 2000 Liviae
2597 1936 2921 2018 (AIBIA.)
2952 1935 3344 2020 ArigoniuS,

1822 2029 2098 2116 plurimi
2127 2030 2358 2118 [ignati
2384 2034 2527 2095 sunt
2556 2032 2670 2095 sub
2699 2029 3010 2116 Caligula
3047 2044 3118 2093 et
3147 2028 3348 2096 Clau-

1823 2128 1938 2190 dio
1963 2175 1983 2206 ,
2039 2141 2107 2191 et
2153 2129 2222 2191 in
2270 2129 2621 2214 Caligulae
2658 2129 2950 2214 gratiam
2987 2128 3191 2189 etiam
3223 2148 3343 2212 pa·

1790 2235 2087 2308 ‚rentum
2142 2223 2574 2303 Germanici,
2629 2236 2696 2288 et
2750 2224 3163 2309 Agrippinae
3209 2223 3340 2286 sen.

1820 2322 2052 2405 capita
2091 2323 2314 2402 numis
2347 2321 2614 2387 inserta.
2672 2319 2876 2405 (Mus.
2904 2318 3088 2382 Caes.
3115 2318 3341 2382 Theu-

1818 2414 2024 2500 poli.)
2074 2415 2489 2480 Postremum
2521 2417 2820 2479 ‘Gallieni
2855 2416 3167 2501 vulgavit
3189 2417 3338 2478 Ari-

1820 2529 2086 2594 gomus,
2663 2563 2668 2569 .

1925 2607 1986 2669 T
1975 2607 2086 2688 yps*
2125 2605 2356 2682 obvii,
2407 2608 2806 2690 plerumque
2850 2607 3175 2692 Iuppiter.

1916 2702 2345 2785 Magistratus
2375 2701 2572 2787 saepe
2604 2703 3022 2779 indicantur,
3062 2701 3172 2781 ned
3207 2699 3339 2765 line

1817 2795 2169 2881 dignitatis
2221 2799 2600 2874 mentione,
2665 2808 2775 2861 ut:
2841 2798 3007 2864 CIII.
3051 2798 3339 2863 nPAcl-

1817 2893 2028 2957 ΜΟΤ.
2055 2889 2488 2978 Magistratus
2513 2893 3006 2959 ΕΤΑΝΔΡΟΤ.
3030 2891 3102 2955 in
3145 2903 3337 2963 auto·

1812 3007 2021 3052 nomo
2061 2990 2381 3053 laudatus
2408 2989 2783 3052 Arcadiam
2807 2989 2997 3073 sapit.
3049 2991 3140 3051 At
3175 3006 3332 3050 con·

1811 3081 1934 3147 fiat
1976 3084 2183 3150 etiam
2207 3160 2210 3165 Ι
2236 3105 2323 3147 ex
2360 3085 2735 3162 Pausania,
2769 3084 2828 3169 e)
2879 3082 3070 3146 fuiss'e
3112 3086 3330 3147 Aeza·

1809 3180 1988 3243 nitas
2045 3181 2331 3244 colonos
2368 3201 2452 3243 ex
2491 3181 2761 3246 Azania
2793 3180 3134 3243 Arcadiae
3175 3198 3330 3264 pro·

1807 3273 2050 3341 fectos.
2151 3273 2258 3340 Est
2301 3288 2532 3340 tamen
2569 3273 2805 3342 archon
2840 3288 2907 3341 et
2929 3295 3229 3341 mot-orus
3259 3276 3330 3339 in

1808 3374 2019 3438 citato
2054 3386 2452 3440 autonomo.

1901 3469 2054 3536 AE.
2115 3471 2183 3538 C.
2307 3512 2316 3521 ·

2398 3666 2477 3733 A
2497 3612 2625 3733 L·I
2644 3666 2727 3731 A.

1897 3856 2237 3945 Phrygiae
2270 3834 2600 3945 magnae,
2647 3871 3028 3925 memorata
3067 3858 3137 3922 in
3175 3855 3318 3919 No-

172 3956 288 4006 tes
330 3931 666 4007 habemus
708 3948 777 4009 in
811 3953 1030 4015 numis
1060 3951 1331 4017 urbium
1349 3953 1716 4040 Phrygiae,
1800 3952 1992 4021 titiis.
2123 4008 2132 4015 .

173 4038 303 4123 qui
350 4036 746 4124 plerumque
783 4046 994 4111 tribus
1036 4048 1140 4112 his
1174 4048 1388 4114 literis
1417 4051 1717 4115 indican-

169 4148 331 4213 tur,
373 4146 448 4198 at
475 4137 792 4223 Αρχιερεις
824 4140 1215 4228 plerumque
1234 4144 1449 4210 literis
1486 4149 1715 4213 ΑΡΧΙ.

174 4233 277 4297 ad
342 4232 736 4305 evitandum
791 4234 1040 4299 scilicet
1090 4241 1503 4327 ambiguum.
1605 4244 1719 4307 Ad

168 4327 363 4391 haec
421 4329 787 4396 archontes
846 4333 1147 4415 adjectas
1205 4337 1403 4424 saepe
1460 4339 1719 4403 habent

2298 4140 2834 4217 Aaronom&

1894 4314 2613 4411 ANTHcAmeNo'r.
2662 4292 3010 4409 sporn.
3091 4316 3319 4421 'capiat

237 4559 296 4621 a)
344 4553 542 4627 Suppl,
571 4558 653 4611 11,
692 4576 751 4631 p,
788 4578 878 4633 9²·

1072 4559 1131 4629 b)
1167 4562 1293 4634 Pasi-
1341 4579 1458 4632 ι33.

267 4631 473 4724 (Vol.
520 4633 713 4727 111.)
1092 4651 1103 4657 ”

1570 4562 1581 4573 ”
1618 4562 1701 4634 ἐ)
1736 4562 1801 4618 L'.
1838 4566 1999 4619 VIII.
2039 4585 2085 4620 c.
2119 4581 2174 4631 4.

2864 4648 2928 4709 R
