4125 5500
1042 562 1541 643 'REGES
1644 561 2617 642 COMMAGENES.

3213 544 3236 621 ἓ
3289 593 3429 661 257

300 766 795 832 ANTIOXOT.
829 766 952 831 Leo
968 766 1303 850 gradiens.
1336 767 1475 832 AE.
1504 727 1594 834 1⁴1.
1647 768 1827 855 (Pel-
1910 766 2269 832 Samosata
2291 780 2359 832 et
2380 768 2547 832 alibi
2569 779 2850 852 uterque
2879 764 2988 831 hic
3014 787 3250 833 numus
3278 767 3435 835 css'et

310 864 481 928 lerin
514 862 684 927 Rois
720 861 857 925 tab.
893 864 1102 941 XIV.)

1915 863 2250 950 lignatus?
2302 863 2499 928 Certe
2520 864 2730 927 filium
2751 863 3005 927 dictum
3022 865 3437 933 Antiochum

413 1000 439 1014 -
487 995 514 1014 ο
568 995 590 1008 ·
640 996 664 1010 ·
716 960 1204 1028 ANTIOXOT.
1259 960 1459 1046 Caput
1486 962 1696 1052 fima'le.
1774 970 1833 1038 ,ἵ
1912 972 2255 1025 memorat
2284 960 2652 1047 Iosephus,
2705 980 2992 1045 eumque
3020 960 3162 1042 jam
3186 959 3440 1044 specta-

308 1051 683 1143 Epae‘graphe
707 1058 970 1120 extrita.
1021 1056 1156 1122 Bos
1171 1066 1530 1141 cornupeta.
1582 1062 1831 1126 Anu.
1912 1069 2027 1121 tae
2065 1057 2336 1121 virtutis
2375 1058 2446 1121 in
2483 1057 2666 1122 bello
2718 1056 2863 1120 Titi
2914 1068 3152 1120 contra
3204 1056 3448 1121 Iudae·

312 1150 528 1237 (Mus.
562 1148 750 1218 Caes.
790 1153 1008 1216 editus
1041 1153 1115 1219 in
1156 1173 1315 1218 mea
1347 1153 1624 1244 Sylloge
1654 1159 1710 1226 1.
1764 1179 1833 1244 p.

414 1344 721 1407 Priorem
757 1347 897 1428 iam
934 1344 1101 1410 olim
1137 1345 1450 1433 vulgavit
1493 1347 1839 1433 Bene-yur,

306 1459 610 1525 cumque
657 1442 728 1503 in
771 1462 855 1507 eo
892 1442 1160 1507 videret
1208 1441 1473 1507 vultum
1517 1443 1839 1509 abluden-

319 1548 461 1603 tem
492 1535 581 1598 ab
622 1536 751 1617 iis,
804 1556 976 1622 qnos
1003 1536 1220 1604 sistunt
1256 1538 1402 1603 noti
1440 1538 1841 1626 Commage-

315 1652 437 1696 nes
477 1633 709 1710 numi,
764 1645 831 1699 et
867 1645 1109 1721 typum
1141 1647 1502 1721 praeterea
1533 1635 1841 1701 Samosa-

317 1739 550 1794 tenum
573 1729 641 1789 in
673 1728 870 1792 leone
904 1730 1252 1816 gradiente
1277 1778 1297 1808 ,
1350 1733 1675 1812 conjecit,
1725 1752 1840 1795 nu·

204 1910 223 1917 ἰ
315 1843 506 1887 mum
543 1823 961 1908 praesentem
1006 1823 1335 1912 lignatum
1385 1828 1569 1914 apud
1604 1826 1842 1913 Samo·

313 1915 463 1983 sata
514 1917 605 1980 ab
654 1921 995 1986 Antiocho
1052 1923 1380 2009 quopiam
1428 1924 1606 2007 regis
1655 1923 1846 1987 Sami

300 2012 720 2091 ¹futzcess'ore,
796 2030 998 2100 quem
1046 2018 1342 2104 regnass'e
1397 2020 1468 2082 in
1524 2017 1844 2082 Comma·

317 2131 486 2198 gene
513 2122 611 2173 ‚et
660 2109 1015 2177 Samosata
1064 2113 1430 2178 condidiss'e
1491 2111 1738 2183 statuit.
1778 2116 1843 2201 ⁸)

317 2207 539 2273 Aliter
598 2206 813 2271 visum
862 2208 1226 2275 Pellerinio
1267 2257 1289 2291 ,
1359 2213 1636 2297 neganti
1664 2242 1707 2291 ,x
1757 2233 1847 2277 ex

317 2302 545 2370 vultus
577 2298 1005 2369 similitudine
1026 2305 1104 2371 in
1136 2308 1357 2372 numis
1384 2309 1709 2375 Antiochi
1728 2310 1841 2372 IV.

301 2410 579 2465 ,certam
622 2398 806 2483 poss‘e
855 2403 1313 2482 conjecturam
1351 2405 1536 2488 capi.
1633 2405 1846 2488 Atqui

306 2491 621 2576 constat,
667 2494 1013 2561 Antiocho
1049 2496 1168 2561 lv.
1221 2516 1266 2561 a
1298 2498 1573 2561 Nerone
1608 2498 1846 2561 datam

306 2588 511 2654 fuiffe
547 2591 912 2653 Armeniae
945 2603 1211 2677 partem
1231 2638 1251 2670 ,
1287 2610 1426 2676 quo
1452 2589 1740 2669 factum,
1772 2603 1851 2654 ut

263 2718 273 2731 ·
317 2687 568 2754 eadem
623 2686 891 2747 ratione
949 2688 1090 2767 ejus
1152 2687 1342 2751 numi
1395 2704 1550 2751 cum
1620 2690 1848 2774 capite

294 2784 604 2849 ,mitrato
649 2778 1010 2856 ferirentur
1030 2782 1099 2845 in
1133 2782 1414 2848 urbibus
1445 2781 1848 2869 Commage-

314 2896 512 2953 nes,-
542 2876 927 2961 quantumi*
948 2877 1271 2961 Tigranis
1300 2897 1455 2940 cum
1506 2876 1699 2941 [imili
1738 2898 1849 2943 ca-

294 2972 486 3060 ,pitis
510 2970 693 3036 cultu
712 2969 948 3062 agnati
968 2971 1116 3038 sunt
1135 2992 1258 3059 per
1276 2971 1475 3037 urbes
1504 2973 1768 3063 Syriae.
1786 2962 1850 3059 ¹³)

313 3069 559 3140 Meam
599 3065 645 3128 fi
683 3068 832 3151 quis
871 3066 1277 3132 sententiam-
1313 3068 1654 3151 requirat,
1690 3072 1803 3152 ajo
1826 3117 1846 3148 ,

313 3161 583 3246 Belleyi
621 3162 1002 3226 doctrinam
1038 3163 1321 3226 nimium
1365 3161 1649 3230 infirmis
1686 3185 1843 3230 con·

306 3259 588 3344 jecturis
636 3258 806 3335 niti,
844 3259 1047 3343 quod
1089 3259 1385 3345 amplius
1423 3259 1721 3344 probavi
1777 3263 1848 3325 in

321 3356 546 3420 numis
588 3354 789 3436 hujus
812 3354 1053 3432 Sami,
1108 3374 1310 3438 quem
1342 3356 1416 3420 ,in
1452 3357 1850 3422 Armeniam

310 3451 544 3531 rejeci.
579 3448 945 3514 Pellerinio
968 3449 1138 3514 iuud
1159 3448 1347 3515 obest
1366 3495 1387 3530 ,
1410 3452 1613 3534 quod
1644 3465 1854 3539 caput

286 3547 394 3610 ,in
414 3545 516 3612 his
537 3545 757 3612 mamis
782 3547 1000 3632 magis
1027 3547 1344 3629 juvenem
1364 3544 1575 3611 refert
1594 3596 1619 3627 ‚
1646 3568 1852 3633 quam

320 3653 402 3705 ut
447 3639 791 3706 Antiocho
832 3639 951 3706 lv.
1013 3643 1375 3706 commode
1425 3644 1690 3729 poss'ent
1736 3646 1852 3708 tri·

319 3737 487 3814 bui,
534 3735 648 3801 effi
682 3733 891 3805 facile
929 3740 1123 3816 dem,
1174 3740 1247 3801 in
1286 3742 1428 3821 ejus
1478 3739 1680 3825 ipfius
1732 3759 1852 3804 nu·

316 3833 456 3899 mis
497 3852 665 3898 vera
697 3837 837 3916 ejus
869 3835 1285 3899 lineamenta
1326 3835 1611 3900 nimium
1654 3837 1853 3923 saepe

314 3924 619 3995 differre.
673 3929 856 4012 Quid
890 3932 935 3993 fi
962 3930 1344 3994 Antiochus
1367 3931 1477 3995 hic
1502 3933 1659 3998 ess'et
1681 3953 1852 3997 unus

282 4044 415 4090 ,οι
446 4024 623 4089 binis
661 4028 801 4108 ejus
828 4024 987 4090 filiis
1010 4073 1033 4104 ,
1084 4027 1173 4088 de
1212 4025 1457 4111 quibus
1488 4050 1703 4108 mox,
1742 4031 1855 4093 cui

284 4132 528 4208 2pater
562 4120 943 4187 ferentibus
977 4123 1309 4186 Romanis
1349 4124 1613 4194 interea
1658 4125 1854 4190 cess'e·

282 4218 419 4284 -sit
444 4218 887 4299 Armeniam,
924 4220 1113 4300 cnjus
1150 4219 1328 4282 adeo
1366 4222 1640 4283 nomine
1671 4221 1862 4307 apud
1898 4257 1907 4264 -

277 4441 295 4470 ‘-
395 4425 453 4495 Δ)
486 4425 561 4488 Β,
598 4427 666 4481 L.
699 4427 773 4480 Τ.
812 4423 1035 4485 xxv‘l.
1072 4440 1133 4496 Ρ.
1167 4441 1288 4496 355.

284 4491 297 4514 ¹
320 4493 422 4570 [ql.
456 4509 647 4573 pays,
678 4561 689 4570 ὓ
817 4499 870 4565 c)
902 4493 1037 4562 Not.
1074 4493 1251 4558 elem„
1271 4510 1332 4566 p.
1372 4506 1493 4559 214.
1545 4535 1569 4558 .-

1428 4423 1489 4489 b)
1525 4425 1659 4478 Rois
1692 4443 1751 4499 p.
1794 4441 1911 4499 125·

1906 1175 2022 1223 os.
2056 1154 2114 1236 ⁶)
2212 1154 2454 1217 Eidem
2493 1152 2839 1217 Antiocho
2883 1152 3109 1216 tribuo
3161 1172 3440 1217 numum

1920 1251 2210 1316 alterum
2266 1249 2476 1313 musei
2519 1246 2834 1313 Caesarei
2867 1247 3050 1311 haud
3111 1248 3318 1313 dubie
3376 1249 3445 1310 in

1918 1348 2249 1433 quapiam
2292 1344 2659 1409 Armeniae
2717 1343 2886 1406 urbe
2941 1343 3206 1425 cusum,
3259 1344 3447 1429 quod

1920 1444 2328 1531 persuadent
2367 1452 2438 1505 et
2473 1438 2744 1506 fabrica
2767 1440 2967 1525 plane
3005 1440 3327 1516 barbara,
3380 1451 3448 1503 et

1920 1553 2130 1626 typus
2174 1537 2393 1615 tauri,
2430 1538 2520 1600 ad
2549 1538 2917 1601 Armeniae
2943 1547 3241 1599 montem
3262 1535 3448 1601 Tau-

1921 1654 2075 1699 rum
2094 1683 2114 1713 ,
2141 1648 2218 1698 ut
2246 1632 2600 1699 verisimile
2632 1644 2824 1717 pute,
2864 1631 3197 1696 adludens
3226 1628 3451 1701 secun·

1926 1732 2088 1796 dum
2129 1749 2371 1795 numos
2401 1726 2717 1813 Augusti,
2767 1729 2886 1814 qui
2935 1728 3027 1793 ad
3063 1747 3316 1791 annum
3363 1729 3449 1790 V.

1926 1825 2002 1890 C.
2043 1839 2205 1909 734.
2249 1825 2792 1891 recensebuntur.
2849 1823 3238 1909 Inscriptio,
3274 1841 3452 1906 quae

1925 1919 2017 1986 est
2053 1922 2256 2006 supra
2289 1932 2559 1984 taurum
2581 1968 2602 1999 ,
2658 1933 2726 1985 et
2764 1919 2945 1984 forte
2986 1919 3171 1985 urbis
3201 1938 3454 1987 nomen

1927 2020 2230 2084 continet
2257 2065 2276 2097 ,
2328 2015 2596 2104 prorsus
2638 2016 2888 2082 extrita
2933 2012 3047 2084 est.

2457 2207 2936 2276 IOTAPE.

2029 2403 2397 2488 Seguinus,
2433 2391 2496 2483 ει)
2547 2414 2615 2466 et
2647 2398 3031 2467 Frfflieffius
3065 2399 3125 2486 θ)
3165 2410 3458 2487 quatuor

1928 2499 2068 2563 hoc
2114 2501 2387 2562 nomine
2437 2495 2717 2562 illustres
2752 2496 3046 2561 feminas
3087 2518 3176 2562 ex
3214 2496 3459 2561 veteri-

1930 2593 2059 2655 bus
2101 2593 2419 2656 elicuere.
2519 2592 2845 2671 Quintam
2898 2589 3236 2655 stabiliunt
3272 2592 3462 2656 numi

1934 2686 2261 2753 Antiochi
2303 2686 2420 2758 lv,
2455 2684 2906 2772 Commageni
2936 2705 3251 2761 uxorem,

2030 2783 2142 2845 Ex
2191 2781 2299 2846 his
2345 2782 2494 2845 nati
2545 2779 2910 2867 Epiphanes
2970 2793 3038 2844 et
3097 2782 3458 2861 comnia-ur,

1910 2896 2229 2962 -qnorum
2272 2875 2896 2961 quoquetdabimus
2925 2895 3212 2955 numos,
3253 2889 3322 2948 et
3345 2880 3454 2944 Io·

1930 2982 2080 3057 tape
2108 2983 2326 3057 nupta
2354 2972 2752 3038 Alexandro
2789 2993 2876 3036 ex
2909 2972 3103 3056 stirpe
3135 2971 3458 3049 Herodis,

1935 3069 2021 3131 dc
2054 3086 2208 3152 ,quo
2261 3067 2409 3151 lege
2449 3065 2786 3154 copiofius
2817 3068 3239 3154 differentem
3281 3066 3460 3140 Maf-

1934 3160 2171 3227 sonum
2204 3164 2398 3251 apud
2432 3159 2842 3244 Ha‘ymium.

2549 3352 2859 3420 Numi.-

1958 3577 1967 3588 ,
2012 3545 2567 3614 .BA21A.ME1·.
2591 3544 3291 3614 ANT1ox02AEm.
3337 3543 3451 3612 Ca·-

1923 3652 2045 3729 μω
2084 3647 2261 3729 regis
2295 3641 2731 3710 diadematmn.
2813 3648 2873 3717 ιε
2943 3642 3462 3708 ΒΛΣιΛιΣΣΑ.

1932 3739 2315 3805 ιοΤΑΠῙ-ῐ.
2373 3739 3033 3818 ΣΕΒΑΣΤΗΝΩΝ.
3083 3735 3327 3804 Mulier
3349 3738 3464 3825 se-

1927 3834 2094 3900 dens*
2125 3833 2190 3903 d.
2231 3845 2543 3922 pateram.
2594 3835 2742 3901 ΑΕ.
2795 3831 3037 3921 (VailL
3077 3834 3171 3898 ad
3211 3834 3466 3926 Seguin

1927 3950 2000 4017 p.
2034 3927 2239 4011 402.)
2335 3934 2418 3995 In
2445 3933 2591 3996 alio
2625 3929 2816 3994 fimili
2873 3931 3055 3996 intra
3086 3929 3287 3996 sellae
3326 3929 3466 3993 ful-

1929 4044 2051 4090 cra
2067 4025 2311 4111 legitur
2329 4028 2592 4094 ΕΡΟΑ.
2610 4027 2909 4089 incertae
2930 4023 3456 4110 significationis.

1926 4121 2035 4205 (in
2060 4122 2235 4185 meis
2279 4122 2487 4193 Num.
2529 4134 2668 4186 vet.
2701 4141 2774 4207 p.
2816 4118 3016 4205 275.)

2028 4220 2547 4284 ΒΛΣΙΛῙΣΣΑ.
2587 4218 2973 4285 ΙΟΤΛΠΗ.
3011 4215 3458 4286 ΦΙΛΑΔΕΛ.

2052 4427 2107 4498 c)
2146 4425 2289 4480 Bou.
2324 4426 2446 4481 Iud.
2482 4427 2549 4484 L.
2586 4427 2663 4490 V,
2699 4442 2747 4483 ο.
2788 4443 2872 4482 u.
2906 4428 3052 4498 3.,3.
3192 4424 3252 4496 d)
3287 4423 3456 4483 Num.

2891 4612 3054 4698 Kk
