4125 5500
829 584 972 667 386

806 775 972 852 ess'e,
1021 791 1184 836 nam
1222 783 1365 835 tum
1393 773 1581 835 numi
1632 772 1774 838 solo
1826 774 2096 840 ΙΕΡΑΣ
2132 785 2326 837 nota·

801 873 856 934 ti
897 867 1191 953 percussi
1248 866 1475 930 forent
1519 888 1604 932 ea
1652 882 1919 949 aetate,
2001 888 2180 952 qua,
2252 882 2329 932 ut

784 967 887 1030 'ex
945 963 1188 1028 numis·
1223 966 1615 1028 autonomis
1647 1013 1668 1042 ‚
1758 985 2056 1053 quorum
2132 978 2325 1030 aetas

801 1059 891 1127 est
928 1073 1156 1136 certa,
1211 1057 1502 1137 constat,
1584 1061 1758 1144 asyli
1836 1079 2087 1126 nomen
2152 1081 2324 1125 nun-

800 1176 1007 1242 quam
1036 1156 1344 1220 omiss'um
1379 1152 1533 1224 fuit.
1630 1156 1851 1222 Fuiss'e
1893 1160 2163 1241 Tyrum
2222 1157 2321 1222 sa-

798 1272 987 1318 cram
1027 1264 1096 1317 et
1154 1251 1413 1335 asylum
1437 1298 1458 1330 ,
1543 1249 1820 1318 historia
1869 1271 2143 1339 quoque
2198 1254 2322 1317 do·

794 1363 945 1423 cet3
995 1368 1159 1415 nam
1202 1347 1590 1412 Demetrius
1629 1345 1718 1413 11.
1775 1350 2042 1436 praelio
2098 1350 2321 1414 victus

765 1446 1065 1529 -Tyrum
1120 1444 1449 1529 religione
1512 1446 1751 1531 templi
1807 1446 1870 1510 se
1929 1441 2319 1508 defensurus

793 1543 1029 1629 petiit,
1081 1552 1158 1603 ut
1196 1551 1432 1602 narrat
1461 1536 1766 1607 lustinus.·
1792 1548 1850 1620 ἰ)
1951 1540 2144 1604 Haec
2182 1540 2318 1626 pri·

795 1636 1051 1722 vilegia
1090 1636 1155 1699 ei
1187 1634 1492 1700 attulerit
1525 1635 1768 1723 religio
1809 1635 2145 1701 Herculis.

886 1731 1288 1817 Metropolis.
1383 1731 1463 1795 In
1494 1748 1732 1797 eorum
1779 1732 2110 1798 sententia
2130 1778 2150 1808 ‚
2201 1732 2318 1816 qui

787 1847 1108 1894 numeros
1140 1830 1435 1907 majores
1477 1847 1565 1894 ex
1593 1848 1760 1892 aera
1801 1827 2313 1892 Seleucidarum

790 1924 1137 1988 ducendos
1172 1923 1615 2002 contendunt,
1667 1926 1899 2007 Tyrus
1945 1922 2105 1986 satis
2160 1941 2314 1985 ma-

787 2032 936 2084 ture
973 2017 1039 2082 l'e
1073 2018 1489 2103 metropolin
1549 2019 1619 2082 in
1689 2030 1966 2083 moneta
2014 2015 2313 2103 profess'a

792 2112 905 2179 est.
1005 2114 1187 2178 Nam
1232 2113 1394 2179 anni
1441 2115 1607 2190 ΛΣ.
1661 2116 1810 2180 ΘΣ.
1841 2113 2062 2178 numia
2104 2133 2197 2196 33
2244 2122 2314 2175 et

787 2224 881 2295 38
917 2230 1053 2275 una
1088 2229 1241 2273 cum
1288 2210 1690 2294 metropolis
1739 2209 1941 2273 titulo
2011 2209 2311 2291 inscripti

767 2305 1200 2382 efficerent„
1240 2307 1509 2389 Tyrum
1580 2303 1982 2392 metropolis
2046 2303 2310 2370 honore

781 2407 925 2483 iam
958 2400 1150 2465 fuiss‘e
1185 2403 1586 2466 decoratam
1637 2402 1829 2465 annia
1873 2401 1960 2465 V.
2005 2398 2089 2467 C.
2123 2401 2307 2476 642,

788 2500 831 2562 6
833 2519 929 2584 50
963 2511 1097 2572 ete.
1196 2500 1291 2560 At
1340 2495 1388 2559 fi
1430 2496 1565 2560 hae
1613 2510 1840 2561 aetate
1899 2494 2307 2580 metropolis

777 2597 928 2678 jam
968 2592 1128 2659 fuit·
1152 2596 1422 2677 Tyrus,
1475 2612 1596 2657 cur
1642 2594 1878 2657 titulun
1917 2599 2061 2655 tam
2096 2590 2303 2674 splen·

784 2692 985 2756 didus
1026 2682 1361 2757 omittitur
1416 2691 1488 2754 in
1544 2687 1923 2775 magnificis
1969 2686 2306 2773 argenteis

790 2789 1037 2852 eodem
1076 2807 1253 2855 aevo
1291 2787 1562 2873 [ignatis
1589 2832 1611 2863 ‚
1653 2787 1723 2851 in
1782 2784 2028 2868 quibus
2076 2795 2308 2849 tamen

786 2883 912 2951 alii
957 2885 1136 2951 tituli
1170 2885 1459 2950 ΙΕΡΛΣ.
1503 2885 1686 2955 ΚΑΙ.
1726 2881 2099 2951 Ammo?
2142 2898 2306 2945 nun-

787 3000 996 3063 quam
1027 2979 1500 3066 negliguntur?
1567 2976 1674 3039 Ea
1725 2973 2100 3043 difficultas
2154 2993 2308 3060 pet·

782 3086 992 3160 petuo
1033 3073 1390 3137 vellicabit
1427 3083 1775 3180 patronos·
1818 3089 2024 3134 aerae
2079 3069 2305 3135 Seleu·

729 3234 738 3239 ,
785 3169 1118 3232 eidarum.
1217 3169 1453 3250 Neque
1486 3164 1682 3229 favet
1729 3164 1815 3228 iis
1855 3163 2310 3228 testimonium

784 3262 1141 3328 Strabonis
1170 3262 1569 3336 adserenda
1598 3248 1665 3341 b)
1715 3257 2306 3348 coutroverfimrff,

783 3370 937 3426 utra
965 3359 1158 3440 urbs,
1211 3359 1504 3446 (Tyrus,
1527 3375 1617 3421 an
1640 3353 1887 3439 Sidon)
1935 3354 2311 3421 Phoenicum

785 3458 1149 3542 metropolis
1193 3457 1315 3522 dici
1369 3451 1626 3532 debeat,
1679 3473 1766 3517 ex
1819 3471 1956 3536 quo
2003 3451 2308 3537 sequere·

783 3564 952 3630 turs
973 3556 1132 3635 jam
1163 3551 1428 3617 Tiberii
1494 3560 1722 3614 aetate
1783 3550 2056 3631 Tyrum
2118 3546 2311 3615 fuiss'e

2084 570 2787 649 PHOENICE.

2414 773 2677 857 tiquior
2706 767 2954 848 videri,
3005 790 3223 857 neque
3258 771 3545 838 deerant
3586 791 3945 858 argumen-

2416 880 2494 932 ta
2516 914 2538 947 ,
2593 867 2838 954 quibus
2874 867 2949 930 id
3002 868 3512 953 comprobaret.
3618 869 3745 932 Ait
3798 869 3947 933 Sui·

2418 964 2583 1043 dae,
2634 961 2694 1046 ⁸)
2745 965 3014 1046 Tyrum
3088 962 3207 1026 l'ub
3276 965 3638 1030 Hadriano
3692 977 3943 1029 metro-

2412 1059 2606 1145 polin
2656 1058 2947 1125 factam.
3042 1063 3138 1122 At
3196 1080 3440 1143 numus
3513 1082 3675 1126 οιιιιι
3758 1080 3944 1126 anno

2414 1156 2592 1220 Hor
2625 1154 2727 1218 illi
2768 1155 2947 1218 hunc
2978 1154 3312 1220 honorem
3361 1159 3507 1238 jam
3558 1157 3681 1222 [ub
3740 1155 3941 1223 Clan-

2414 1251 2533 1314 dio
2574 1249 2854 1328 tribuit,
2908 1250 3027 1316 nili
3077 1248 3259 1315 forte
3300 1264 3457 1316 ante
3504 1253 3941 1320 Hadrianum

2413 1345 2478 1408 se
2520 1346 2695 1409 dixit
2740 1347 3156 1435 metropolin
3188 1360 3520 1432 tanquam
3568 1363 3797 1415 mater
3840 1370 3943 1414 ur·

2410 1440 2626 1519 bium,
2676 1454 2754 1505 ut
2793 1442 3136 1508 Heraclea
3168 1443 3543 1527 Bithyniae
3577 1493 3600 1523 ,
3650 1446 3817 1535 inde
3855 1447 3941 1509 ab

2410 1535 2773 1608 Hadriano
2807 1558 2896 1602 ex
2934 1536 3494 1618 inflitutoeivili,
3552 1551 3630 1605 ut
3697 1560 3937 1607 revera

2408 1634 2481 1696 in
2515 1633 2978 1719 metropoleos
3004 1636 3266 1717 juribus
3288 1655 3411 1722 per
3434 1636 3625 1704 hune
3645 1650 3935 1702 tractum

2407 1728 2611 1814 plura
2644 1731 2937 1796 mutavit
2967 1731 3359 1802 Hadrianus
3376 1780 3401 1812 ,
3450 1733 3720 1816 dequo
3755 1735 3930 1804 vide-

2406 1836 2565 1887 atur
2603 1823 2940 1904 Norilius,
2990 1818 3050 1901 11)
3102 1840 3173 1890 et
3233 1848 3413 1913 quae
3476 1828 3929 1895 indicavimus

2388 1920 2481 1996 ,in
2524 1921 2747 1986 numia
2792 1922 3204 1988 Antiochiae
3248 1923 3514 2006 Syriae.

2501 2016 2862 2082 Primatum
2902 2018 3099 2100 Tyro
3136 2038 3226 2083 ex
3276 2040 3487 2083 numo
3533 2021 3717 2084 male
3752 2021 3921 2086 lecto

2402 2108 2643 2178 tribuit
2679 2109 3099 2193 Homerum,
3151 2120 3206 2192 ‘)
3282 2114 3396 2178 sed
3450 2113 3761 2180 fraudem
3828 2118 3927 2180 in-

2400 2207 2670 2292 geniose
2708 2209 2971 2272 detexit
3013 2209 3342 2278 Norifius.
3396 2200 3466 2292 t)

2502 2301 2938 2367 Honorificos
2973 2305 3149 2388 Tyri
3180 2306 3419 2370 titulos
3464 2324 3713 2371 omnes
3724 2309 3922 2372 vide-

2403 2415 2475 2462 re
2505 2394 2642 2460 est
2620 2419 2693 2462 ιιι
2728 2418 3072 2479 marmore
3100 2402 3510 2480 Puteolano,
3561 2404 3752 2486 quod
3784 2399 3925 2467 edi-

2402 2493 2505 2556 dit
2534 2490 2905 2572 Gruterus,
2936 2494 3018 2577 ⁸)
3070 2510 3140 2560 et
3216 2498 3489 2584 prolixe
3550 2500 3919 2585 explicavit

2401 2586 2487 2652 cl.
2526 2587 2852 2674 ignara,
2904 2582 2974 2673 ¹²)
3044 2613 3153 2674 της
3195 2595 3357 2680 apag
3407 2614 3519 2659 και
3572 2587 3773 2661 &ovito
3827 2615 3926 2662 w

2375 2703 2702 2768 mirorque
2734 2691 3173 2772 μητροπολεως
3224 2690 3514 2770 Φοινικης
3571 2711 3682 2757 και
3745 2684 3923 2757 ἅλων

2374 2783 3142 2869 ,πολεωνκαιιαυαρχιόος
3172 2806 3236 2851 ιι.
3265 2806 3322 2852 τ.
3349 2789 3415 2850 λ.
3472 2786 3771 2851 Potitum
3803 2786 3923 2869 fuit

2398 2895 2740 2954 marmor,
2794 2889 2868 2941 ut
2900 2899 2990 2943 ex
3023 2882 3309 2964 adjectis
3340 2881 3733 2949 consulibus
3766 2886 3921 2951 Γαλ-

2396 2975 2516 3050 λιῳ
2554 2992 2659 3037 και
2700 2974 2991 3057 Φλακκῳ
3040 2980 3103 3055 K
3108 2981 3437 3065 ορνηλιαιῳ
3502 2970 3756 3047 ὑπατων
3804 2981 3914 3044 dn·

2370 3083 2669 3146 ,cemur,
2720 3068 2806 3133 V.
2867 3067 2945 3134 C.
2988 3091 3151 3156 927.

2496 3257 2664 3324 Ludi
2694 3259 3017 3347 Astlepia,
3072 3283 3271 3347 quos
3280 3266 3517 3330 videre
3574 3265 3701 3332 fibi
3753 3268 3925 3333 vitus

2399 3351 2542 3417 est
2522 3374 2593 3417 ιιι
2626 3369 3001 3425 autonomo
3037 3359 3213 3443 Tyri
3262 3361 3350 3424 cl.
3405 3360 3791 3443 Combius,
3868 3358 3923 3447 ¹)

2396 3450 2513 3514 sed
2544 3470 2751 3534 quem
2783 3452 2908 3516 ess‘e
2948 3454 3327 3540 Epidauri,
3379 3458 3639 3537 dictum
3695 3461 3767 3524 in
3812 3461 3923 3524 hu-

2394 3549 2506 3631 jus
2550 3558 2854 3614 moneta.
2952 3551 3034 3614 In
3080 3571 3292 3617 numo
3334 3556 3424 3616 62
3472 3553 3923 3639 spanhemius

785 3647 1222 3733 metropolin.
1320 3646 1502 3709 Nam
1536 3657 1614 3708 ut
1639 3656 1822 3708 recte
1855 3644 2158 3709 advertit
2172 3643 2311 3707 No·
2401 3662 2448 3706 a
2478 3643 2802 3708 Motellio
2878 3647 3205 3732 deceptus
3250 3668 3379 3734 pro
3474 3652 3700 3716 ΛΚΤ.
3766 3652 3929 3739 legit

785 3742 1018 3819 tilius,
1053 3742 1202 3805 xhoe
1234 3741 1393 3805 loco
1412 3739 1809 3824 metropolis
1846 3758 2097 3805 nomen
2125 3737 2316 3807 iumi-
2400 3738 2696 3816 AKT1.,
2747 3752 2817 3805 et
2869 3744 3059 3828 quod
3100 3743 3439 3829 sequitur,
3487 3745 3691 3811 ludos
3726 3749 3924 3814 Actia

757 3850 897 3902 ‘tur
923 3857 1054 3924 pro
1084 3847 1290 3903 matre
1320 3834 1617 3913 urbium,
1668 3855 1846 3919 quae
1893 3836 1966 3898 in
1994 3835 2173 3899 alias
2209 3855 2313 3899 re·
2398 3832 2689 3900 indicari
2734 3839 3027 3919 putavit.
3072 3833 3140 3924 k)

753 3982 760 3987 .
782 3934 1016 4046 giones
1058 3934 1346 3998 colonos
1386 3929 1675 4009 miserit,
1727 3950 1866 3995 non
1930 3950 2015 3995 eo
2081 3931 2313 4009 sensu,
2662 3974 2668 3979 -
2942 3978 2990 4024 ⁸

785 4032 902 4114 qui
939 4030 1266 4097 collatum
1307 4031 1378 4093 in
1420 4026 1596 4095 alias
1639 4028 1941 4111 ejusdem
2008 4028 2309 4112 regionis
3316 3984 3363 4033 ἡ

2496 4028 2750 4094 Πίονιν
2761 4028 3095 4118 solitariae
3148 4031 3546 4117 frequentes
3610 4039 3685 4101 in
3760 4056 3917 4105 area

787 4127 986 4192 urbes
1011 4131 1120 4211 jus
1175 4128 1475 4191 doceret.
1573 4122 1706 4186 Etsi
1772 4123 1953 4186 enim
2009 4121 2371 4205 spectata-
2397 4143 2761 4189 numorum
2795 4127 2973 4211 Tyri
3008 4128 3491 4211 observantur,
3541 4146 3612 4197 et
3647 4133 3915 4218 quidem

786 4224 1192 4308 antiquitate
1231 4223 1510 4307 potiora
1532 4216 1854 4303 suffragia
1886 4237 2013 4303 pro
2055 4218 2309 4283 Sidone
2394 4220 2467 4284 in
2495 4223 2831 4307 argenteis
2863 4225 3234 4309 aeneisque
3259 4226 3461 4314 supra
3490 4228 3728 4307 literas
3751 4229 3912 4296 OEr.

786 4318 1013 4446 effent,
1063 4316 1348 4381 volebat
1377 4327 1607 4378 tamen
1639 4314 1870 4396 Tyrus
1906 4312 2161 4378 Sidone
2193 4333 2308 4379 an·
2395 4316 2595 4402 saepe
2660 4333 3017 4405 comparet
3075 4325 3158 4386 A.
3280 4326 3783 4390 Autonomiam
3835 4344 3913 4389 ea

854 4545 909 4611 a)
947 4542 1016 4603 L,
1053 4541 1335 4605 XXXIX,
1371 4561 1417 4598 e.
1459 4561 1506 4597 ι.
1695 4542 1754 4608 b)
1792 4546 1858 4598 L.
1895 4544 2055 4599 xvl.
2256 4549 2358 4612 e)i
2340 4564 2401 4602 ιιι
2435 4535 2692 4613 Παῦλος
2744 4535 2995 4622 Τυριος.
3190 4551 3251 4617 d)
3289 4548 3398 4621 Ep.
3439 4552 3476 4603 S
3475 4571 3662 4623 yrom
3699 4573 3755 4627 p.
3790 4572 3908 4623 33¹·

791 4627 841 4688 e)
880 4622 954 4677 ad
990 4622 1050 4675 St
1127 4622 1181 4675 h.
1221 4623 1274 4676 su
1277 4621 1314 4676 b
1357 4622 1511 4698 Tyra
1515 4641 1561 4676 s.
1767 4622 1888 4685 Di
1927 4640 1973 4675 c.
2009 4641 2072 4694 p,
2106 4639 2231 4692 333.
2498 4624 2551 4696 g)
2586 4640 2648 4699 p.
2685 4639 2841 4695 1105.
3104 4625 3170 4698 h)
3208 4625 3278 4683 de
3314 4624 3441 4693 Pal
3480 4626 3669 4706 Neap.
3708 4650 3764 4704 p.
3802 4647 3910 4700 279.

782 4696 822 4762 i)
865 4692 1008 4748 Mur.
1099 4700 1272 4748 enter.
1451 4691 1510 4760 k)
1549 4690 1626 4746 ad
1661 4688 1880 4748 Mercu.
1917 4692 2093 4767 ep.1.
2127 4711 2185 4768 p.
2225 4703 2312 4764 83.
2796 4724 2811 4735 ·
