4125 5500
756 536 898 610 264

732 750 938 817 gnam
979 725 1168 791 fuiss‘e
1219 742 1373 788 cum
1418 722 1814 809 Smyrnaeis
1863 727 2267 804 amicitiam,

727 826 846 889 sed
889 826 1096 889 etiam
1157 819 1385 883 multis
1441 820 1572 884 hos
1640 823 1985 886 beneficiis
2035 824 2126 888 ab
2184 842 2268 886 eo

733 934 1001 997 auctOS,
1057 918 1143 981 de
1185 936 1322 1002 quo
1370 918 1587 981 multa
1633 919 1797 981 olim
1853 919 2269 1006 scripseram,

737 1015 804 1098 ³)
856 1016 1117 1079 factum
1149 1061 1168 1092 ,
1231 1023 1305 1076 ut
1362 1026 1560 1099 pater
1614 1011 1928 1101 filiusque
1971 1036 2015 1079 a
2058 1017 2271 1102 gratis

741 1111 1134 1197 Smyrnaeis
1180 1109 1699 1194 adoptarentur,
1745 1113 2052 1196 duasque
2094 1115 2272 1176 adeo

730 1209 1005 1274 Attalus
1044 1206 1113 1269 in
1155 1204 1376 1269 numis
1431 1204 1562 1268 suis
1619 1210 1915 1289 jactaret
1965 1211 2272 1294 patriae,

734 1305 1101 1388 Smyrnam
1170 1313 1239 1368 et
1326 1301 1770 1365 Laodiceam.
1908 1303 2273 1389 Duplicem

737 1402 1012 1534 ¹patriae
1063 1398 1401 1461 rationem
1450 1398 1596 1478 jam
1656 1398 1943 1461 tradidit
1989 1398 2270 1462 Cicero:

775 1498 804 1579 )
910 1488 1226 1561 Omnibus
1268 1491 1677 1584 municipibus
1731 1491 1895 1559 duas
1943 1496 2139 1581 consto
2177 1494 2280 1585 qffe

733 1594 1023 1679 patrios,
1073 1610 1267 1654 unam
1300 1598 1571 1654 naturae
1590 1636 1611 1668 ,
1665 1588 1936 1656 alteram
1973 1589 2280 1670 civitatis,

736 1699 811 1754 ut
847 1686 937 1751 ille
983 1685 1138 1751 Cato
1166 1733 1190 1765 ,
1238 1705 1375 1751 cum
1423 1683 1551 1776 effl’t
1602 1686 1839 1772 Tusculi
1898 1700 2135 1768 natus,
2216 1691 2284 1753 in

733 1783 953 1872 populi
986 1783 1062 1848 R.
1127 1785 1439 1847 civitatem
1464 1782 1779 1869 susceptus
1826 1785 1919 1869 (ss.
2054 1787 2284 1872 Itaque

745 1902 880 1947 cum
913 1888 1061 1944 ortu
1108 1877 1486 1966 Tusculanus
1528 1876 1661 1968 effet
1676 1925 1696 1957 ,
1760 1881 2011 1944 civitate
2051 1881 2280 1947 Roma-

737 1998 859 2043 nus
874 2021 901 2053 ,
951 1973 1173 2041 habuit
1206 1974 1471 2041 alteram
1514 1974 1632 2040 loci
1652 1977 1963 2060 patriam,
2016 1977 2286 2044 alteram

726 2077 930 2163 Juris.
1036 2072 1219 2159 Ergo
1272 2082 1340 2134 et
1395 2071 1712 2135 Phormis
1780 2070 2088 2137 Maenali
2153 2075 2283 2138 Ar-

746 2170 991 2234 cadiae
1034 2180 1262 2245 natus,
1315 2166 1427 2231 sed
1463 2168 1535 2231 in
1581 2167 1889 2233 Siciliam
1924 2169 2282 2255 transgres-

749 2267 901 2348 ὼε,
954 2277 1329 2349 auctusque
1387 2264 1487 2327 ibi
1539 2265 1830 2350 opibuS,
1898 2264 2285 2351 olympicis

748 2364 879 2426 suis
910 2362 1109 2424 donis
1142 2359 1500 2446 inscripsit:
1561 2361 1796 2447 Φορμις
1838 2353 2126 2444 ἀνεθηκεν
2165 2366 2283 2448 Αρ-

751 2479 870 2536 κας
909 2459 1290 2535 Μαιναλιος,
1338 2477 1436 2521 νυν
1473 2456 1537 2520 δε
1573 2459 1975 2542 Συρακυσιος.
2074 2454 2287 2524 Phor-

752 2558 874 2619 mis
902 2552 1209 2619 dedicavit
1242 2552 1462 2618 Arcas
1490 2552 1853 2618 Maenalius
1872 2599 1892 2630 ,
1941 2574 2105 2619 nunc
2138 2574 2285 2620 vero

753 2650 1205 2737 Syracusanus.
1235 2644 1297 2730 1·“)
1396 2648 1475 2711 In
1508 2669 1850 2714 marmore
1888 2647 2156 2736 Graeco
2187 2653 2286 2715 di-

748 2753 920 2814 citur
983 2743 1423 2813 enA'mPAC.
1458 2747 1748 2814 'KPHQ
1794 2749 2285 2815 noATPHNl-

752 2847 881 2912 OC.
934 2848 987 2909 Ο
1030 2844 1210 2909 ΚΑΙ.
1251 2845 1699 2911 KlCAMIOC.
1753 2836 1810 2922 ἆ)
1911 2844 2131 2909 Fuere
2173 2865 2286 2908 au-

628 2949 643 2961 ‘
744 2956 884 3007 tem
931 2939 1425 3023 Polyrhenium
1453 2951 1520 3002 et
1561 2939 1864 3003 Cisamus
1896 2937 2142 3002 Cretae
2181 2960 2288 3003 ur·

750 3038 904 3101 bes,
1008 3040 1105 3099 At
1138 3036 1316 3098 enim
1365 3035 1774 3120 adoptiones
1827 3035 2002 3110 hae,
2055 3045 2125 3096 et
2174 3036 2288 3097 de-

760 3134 909 3196 lata
946 3131 1248 3196 civitatis
1277 3132 1433 3213 jura
1460 3129 1844 3192 honoraria
1890 3125 2289 3214 plerumque

758 3227 1056 3291 fuerunt.
1160 3226 1237 3288 In
1310 3225 1531 3286 numia
1586 3225 1963 3287 Maeoniae
2021 3223 2290 3305 Lydiae

754 3325 1055 3388 vidimus
1088 3341 1337 3386 nomen
1354 3318 1739 3387 archontis:
1794 3320 2287 3386 ΛΠΦΙΑΝΟΤ.

660 3498 681 3505 ᾗ
758 3421 976 3485 ΤΟΤ.
1016 3418 1195 3481 ΚΑΙ.
1234 3417 1734 3483 ΛΘΗΝΑΙΟΤ.
1833 3414 1975 3480 Alii
2013 3416 2081 3480 in
2121 3416 2289 3479 mul-

758 3530 869 3581 tas
889 3535 1170 3578 numero
1199 3513 1458 3601 patrias
1498 3513 1562 3575 se
1601 3513 1912 3591 divisere,
1963 3525 2037 3575 ut
2075 3512 2290 3600 Septi-

763 3614 940 3677 mius
977 3612 1257 3695 quidam
1298 3607 1431 3671 fuit
1468 3612 1890 3697 Περγαμηνος,
1942 3629 2045 3674 και
2082 3611 2289 3693 Σμυρ-

761 3728 968 3786 vocene,
1016 3727 1125 3768 ,και
1164 3706 1499 3785 Αθηναιος,
1549 3726 1655 3770 και
1689 3708 1989 3786 Εφεσιος.
2024 3711 2076 3781 ²)
2133 3709 2292 3790 quin

764 3817 832 3868 et
869 3803 966 3863 Μ.
1020 3803 1186 3863 Aur.
1238 3799 1674 3885 Asclepiades
1720 3802 1971 3869 dicitur
2021 3805 2291 3873 Λλεεαν-

658 3942 667 3949 -
765 3899 976 3986 δρευς,
1029 3898 1514 3981 Ερμοπολειτης,
1566 3901 1991 3975 Ποτιολανος,
2047 3900 2291 3962 Νεαπο·

761 3999 985 4075 λειτης,
1012 4014 1115 4060 και
1136 3997 1389 4074 Ηλειος,
1414 4013 1517 4058 και
1539 3996 1844 4075 Αθηναιος
1875 3995 2292 4077 ξυλευτης,και

759 4083 949 4154 &Amr
967 4095 1202 4156 πολεων
1217 4093 1442 4157 πολων
1477 4094 1726 4172 πολιτης
1763 4111 1868 4155 και
1906 4092 2194 4170 ξελευτης
2223 4079 2293 4168 5)

760 4186 923 4250 Fuit
949 4188 1151 4273 igitur
1176 4186 1375 4250 varia
1406 4198 1692 4250 naturae
1733 4199 1800 4250 et
1832 4187 2000 4271 juris
2039 4189 2293 4272 patria,

765 4296 837 4347 ut
869 4296 935 4346 et
976 4293 1315 4368 parentes„
1418 4283 1497 4345 In
1552 4283 1986 4369 inscriptione
2067 4284 2294 4365 Ancy-

833 4472 889 4536 a)
926 4472 1094 4526 Num.
1132 4482 1241 4525 vet.
1278 4482 1335 4543 p.
1376 4473 1494 4542 256.
1532 4470 1640 4543 seq.
1745 4471 1806 4539 b)
1845 4462 1915 4527 de
1955 4473 2147 4542 Legib.
2182 4474 2249 4534 L.
2300 4476 2371 4529 11.
2408 4494 2454 4537 c,
2487 4494 2536 4529 α.

764 4543 891 4597 ville
928 4542 1110 4594 Sicula
1148 4559 1203 4613 p.
1240 4558 1360 4609 595.
1556 4546 1608 4608 e)
1650 4542 1848 4594 Marm.
1889 4541 2082 4597 Oxou.
2123 4545 2252 4595 vu.

768 4631 830 4687 p,
878 4626 988 4682 154.
1183 4609 1240 4675 h)
1284 4611 1412 4663 Ant.
1453 4610 1520 4672 L,
1560 4612 1718 4667 XIV.
1759 4628 1803 4666 c.
1842 4612 1915 4672 Χ,
1956 4612 2004 4682 5.
2045 4628 2129 4680 23.

1992 522 2639 605 PHRYGIA.

2359 747 2566 805 rana,
2621 743 2824 810 quam
2864 726 3173 813 vulgavit
3201 725 3766 795 Montfauconius
3790 730 3900 816 ,⁸)

2361 821 2611 888 dicitur
2647 824 3057 907 Μητροδωρος
3098 827 3438 906 Μενεμαχυ
3491 828 3678 906 vvcc-e
3716 830 3895 914 Διρυ-

2358 923 2518 996 zoen,
2574 920 2758 1003 quod
2793 939 2928 983 non
2961 912 3144 983 recte
3200 917 3619 985 intellectum
3677 926 3738 987 is
3811 924 3898 990 fic

2361 1017 2621 1078 vertit:
2711 1005 3143 1081 Metrodorus
3194 1015 3582 1083 Menemachi
3645 1024 3899 1088 natione

2361 1112 2674 1197 Dorylai,
2728 1131 2881 1176 cum
2931 1111 3039 1173 fit:
3096 1111 3517 1179 Metrodorus
3560 1117 3896 1185 Meum..

2362 1208 2457 1272 chi
2541 1209 2917 1294 adoptione
2982 1209 3164 1296 filius
3186 1258 3208 1288 ,
3284 1218 3526 1276 natura
3611 1212 3893 1299 Dirylai.

2365 1302 2614 1368 Graeci
2653 1315 3010 1389 utrumque
3068 1307 3350 1369 modum
3387 1307 3752 1372 vocabulis
3795 1333 3893 1388 γε-

2363 1420 2445 1464 νει
2490 1412 2558 1461 et
2595 1405 2756 1464 Seoet
2798 1400 2907 1462 seu
2952 1419 3182 1482 ποιησει
3215 1400 3679 1468 distinxerunt.
3785 1408 3894 1472 Sic

2365 1497 2435 1558 in
2468 1498 2741 1560 decreto
2777 1495 3450 1562 Halicarnass'enfium
3498 1502 3688 1587 apud
3713 1503 3890 1590 „Iore-

2366 1591 2625 1678 phum:
2681 1582 2740 1667 ιι)
2793 1593 2916 1658 Em
2949 1594 3155 1680 ἱερέως
3202 1595 3516 1678 Μεμνονος
3549 1618 3621 1661 τε
3659 1602 3889 1682 Opes-et·

2370 1686 2477 1763 δε,
2529 1705 2690 1774 notra
2743 1687 2806 1752 δε
2857 1707 3087 1770 nomem
3133 1690 3460 1774 Ευωνυμε.
3561 1693 3896 1763 Sacerdote

2367 1784 2697 1849 Memnone
2756 1784 3052 1882 Orestidis
3074 1785 3218 1873 filio
3237 1832 3262 1866 ,
3334 1786 3669 1874 adoptione
3725 1796 3890 1862 Evo-

2368 1900 2567 1966 nymae.
3869 1965 3876 1970 ,

2464 1978 2874 2041 Accedimus
2910 1977 3000 2039 ad
3041 1975 3499 2046 ΕΠΙΝΙΚΙΟΝ
3537 1961 3891 2049 ἶωιιιοωιιι
3965 2059 3970 2062 ,

2370 2071 2459 2137 ΙΙ.
2509 2085 2578 2136 et
2635 2073 2760 2137 111.
2877 2074 3136 2138 Totam
3188 2094 3428 2139 eorum
3475 2079 3886 2165 epigraphen

2370 2166 2454 2231 fic
2489 2168 2791 2254 explicat
2818 2168 3229 2234 Vaillantius
3256 2193 3274 2233 ε
3333 2174 3401 2237 Ρ.
3431 2172 3733 2240 Claudius
3763 2177 3894 2241 At-

2372 2264 2539 2329 talus
2611 2285 2738 2348 pro
2833 2268 3104 2331 victorio
3186 2269 3424 2351 epulum
3455 2268 3678 2353 poluit.
3797 2277 3896 2337 At

2373 2360 2805 2423 Harduinus:
2841 2363 3124 2447 statuam
3169 2387 3290 2447 pro
3346 2365 3630 2431 Victoria
3661 2368 3894 2453 posuit.

2370 2456 2570 2518 Prior
2608 2455 2934 2520 sententia
2973 2456 3158 2522 nulla
3198 2475 3387 2524 certa
3435 2462 3700 2523 ratione
3747 2467 3890 2530 niti·

2372 2564 2520 2629 tur,
2575 2564 2645 2614 et
2697 2549 2876 2616 forte
2925 2553 3112 2617 suam
3163 2576 3436 2642 quoque
3513 2556 3894 2623 inhibuiss‘et

2373 2647 2796 2726 Harduinus,
2850 2648 2892 2712 [i
2927 2648 3191 2714 vidiss'et
3222 2651 3578 2717 laudatum
3616 2667 3902 2734 autenm

2374 2766 2562 2808 mum
2597 2758 2770 2831 typo
2806 2744 3131 2824 NemeIiS,
3183 2762 3302 2813 aut
3337 2762 3622 2815 coactus
3659 2748 3890 2833 fuiss'et,

2372 2840 2715 2928 duplice'm
2766 2862 2895 2928 pro
2951 2863 3086 2907 una
3148 2842 3435 2910 statuam
3503 2845 3595 2911 ab
3665 2849 3891 2913 Attalo

2369 2936 2658 3022 positam
2727 2937 3055 3003 adserere.
3163 2941 3386 3024 Quale
3455 2941 3665 3008 fuerit
3731 2943 3893 3011 istud

2372 3032 2683 3111 ἑπινικιον,
2737 3036 2922 3118 quod
2986 3037 3187 3101 causa
3239 3039 3575 3102 victoriae
3623 3040 3891 3106 dedica·

2370 3128 2475 3191 vit
2503 3129 2815 3207 AttaluS,
2869 3131 3259 3216 ignoramus
3316 3133 3519 3211 sane,
3590 3134 3699 3198 eui
3756 3156 3893 3200 cer-

2372 3234 2517 3285 tum
2560 3221 2657 3302 sit,
2711 3225 2878 3290 illud
2910 3228 3336 3307 constitutum
3371 3245 3655 3318 propter
3685 3233 3929 3297 victo--

2373 3318 2513 3382 rias
2549 3338 2593 3381 a
2635 3320 2713 3384 L.
2750 3325 2930 3391 Vero
2968 3326 3036 3388 in
3082 3327 3342 3390 oriente
3395 3328 3692 3403 relatas;
3741 3349 3892 3395 nam

2373 3416 2617 3481 harum
2654 3418 2857 3481 causa
2896 3420 3112 3483 multa
3151 3423 3218 3485 in
3251 3418 3585 3488 Graeciae
3624 3424 3889 3488 urbibus

2376 3512 2723 3578 celebrata
2760 3512 2930 3579 festa
2954 3517 3408 3603 comprobant
3441 3520 3692 3606 copiofi
3717 3522 3892 3584 numi

2373 3621 2519 3672 tum
2560 3607 2793 3695 [ignati
2841 3630 2996 3674 cum
3054 3615 3429 3701 epigraphe
3478 3618 3731 3682 ΤΠΕΡ.
3784 3620 3906 3682 Nl·-

2377 3704 2580 3771 KHC.
2623 3706 3086 3786 ΡΩΜΑΙΩΝ.,
3140 3711 3225 3772 de
3273 3712 3518 3797 quibus
3569 3732 3768 3799 agam
3803 3714 3894 3776 la·

2381 3802 2510 3862 tius
2549 3801 2613 3861 in
2650 3804 2871 3864 numis
2897 3806 2999 3868 M.
3033 3806 3320 3870 Aurelii.
3420 3808 3720 3871 Diversis
3741 3829 3893 3873 vero

2377 3897 2605 3981 typis,
2660 3916 2798 3962 uno
2848 3899 3034 3965 lovis
3061 3903 3480 3982 Laodiceni,
3533 3903 3751 3968 altero
3774 3907 3890 3968 Ne·

2378 3990 2569 4054 mefis
2611 4038 2630 4068 ,
2709 4007 2895 4058 certo
2972 3997 3503 4082 Smyrnaeorum
3575 4002 3840 4067 numine
3873 4049 3895 4077 ‚

2382 4091 2587 4153 credo
2646 4091 2969 4171 indicari,
3025 4094 3113 4156 ab
3151 4086 3389 4160 Attalo
3423 4099 3493 4160 in
3545 4109 3894 4182 utramque

2380 4184 2617 4247 urbem
2654 4187 2896 4252 ἐπινικιυ
2937 4186 3136 4272 hujus
3206 4189 3611 4257 beneficium
3678 4192 3898 4279 profe·

2382 4294 2562 4346 ctum
2593 4329 2612 4359 ,
2668 4304 2872 4368 quem
2913 4287 3231 4348 nimirum
3282 4287 3538 4353 constat
3574 4338 3594 4367 ,
3647 4305 3722 4354 ut
3749 4309 3900 4377 pro·

3670 4479 3728 4547 d)
3769 4432 3911 4532 Dor:-

3293 4553 3347 4622 g)
3385 4549 3675 4622 Palaeogr‚
3713 4550 3916 4605 Graec.

2711 4480 2761 4545 c)
2799 4477 3101 4532 Pausanias
3139 4480 3203 4534 L.
3242 4481 3314 4532 V.
3350 4498 3398 4539 c.
3440 4497 3525 4544 27.

2450 4546 2496 4613 f)
2535 4545 2751 4610 Gruter,
2789 4565 2846 4622 p,
2882 4563 3007 4617 314.
3052 4569 3096 4610 ι.
