4125 5500
1015 575 1446 654 REGES
1591 514 2492 656 BACTRIANAE.

79 762 88 771 '
157 816 164 823 -
204 772 1145 938 ADJNNJGA11253rfin0
1168 776 1632 845 MJNNJSA-

1243 923 1292 969 ο

255 1066 468 1149 Caput
496 1067 668 1149 regis
715 1061 1052 1130 barbatam
1084 1063 1528 1130 diadematum.
1626 1070 1683 1138 x

619 1157 1114 1225 AAINNII'AC]
1157 1198 1177 1209 -
1227 1157 1683 1225 EnTHIUE.

126 1162 465 1320 Igfcltzs
499 1255 701 1320 nudus
724 1263 947 1340 petrae
972 1254 1228 1343 insidens
1264 1254 1329 1321 d.
1370 1255 1536 1318 elata
1561 1256 1680 1318 cla·

146 1372 338 1428 vam,
377 1355 464 1437 *in
512 1354 634 1414 imo
670 1371 874 1415 annas
923 1350 991 1413 T
998 1353 1159 1426 ΛΓ,
1207 1353 1276 1413 in
1336 1369 1488 1414 area
1549 1372 1682 1413 mo-

143 1466 535 1531 nogramma
553 1493 573 1524 ,
639 1466 848 1532 nempe
900 1450 957 1508 A
1019 1448 1196 1509 intra
1277 1445 1677 1531 quadratum.

149 1543 306 1605 Pot.
347 1540 405 1603 1.

241 1639 307 1697 A
345 1634 594 1716 quibus
630 1636 950 1721 vulgatus
998 1636 1072 1698 fit
1113 1636 1225 1699 hic
1276 1656 1518 1700 numus
1563 1636 1678 1698 ad-

151 1730 300 1792 dito
339 1730 724 1808 iconismo,
780 1746 847 1795 et
900 1730 1214 1843 quorsum
1294 1734 1674 1817 pertineat,

145 1825 418 1888 dicetur
456 1844 622 1888 mox
667 1824 866 1890 infra.

596 2014 1236 2085 MONNESES.

247 2205 460 2289 Caput
494 2208 673 2291 regis
711 2204 1048 2274 barbatum
1082 2205 1519 2273 diadematum.
1617 2210 1679 2280 αἱ

149 2302 418 2364 -ΑΕΙΛ
455 2336 479 2349 -
533 2339 558 2351 -
614 2338 635 2351 -
687 2304 994 2367 ONNHE
1030 2343 1052 2355 -
1104 2340 1128 2355 ·
1180 2340 1201 2353 ·
1255 2300 1674 2366 wTHPoE.

152 2394 456 2460 Hercules
478 2394 686 2460 nudus
706 2397 830 2484 bafi
855 2399 1115 2486 insidens
1142 2397 1203 2462 d.
1242 2397 1402 2461 elata
1417 2395 1675 2471 clavam,

145 2492 328 2576 basra
373 2510 583 2555 amus
616 2494 788 2556 ΤΚΒ
823 2494 919 2555 vel
936 2493 1119 2578 forte
1151 2493 1363 2557 TKE.
1449 2489 1592 2555 ΑΕ.
1619 2489 1672 2550 1.

247 2585 696 2670 Complector
727 2600 1086 2672 utrumque
1137 2588 1313 2649 hunc
1344 2604 1670 2659 numum,

143 2693 215 2744 et
247 2681 660 2766 Adinnigai,
714 2693 783 2744 et
817 2681 1178 2760 Mounesis,
1232 2701 1402 2767 quos
1439 2689 1679 2743 contra

145 2789 358 2860 atque
404 2777 559 2839 aliis
595 2777 923 2852 hactenns
971 2779 1210 2864 visum,
1262 2778 1674 2842 Bactrianae

147 2872 423 2956 regibus
463 2872 708 2950 insero,
762 2875 947 2956 quod
977 2886 1343 2957 antequam
1378 2871 1673 2959 probare

147 2967 455 3044 instituo,
503 2969 704 3046 juvat
736 2969 1026 3032 aliorum
1058 2971 1144 3032 de
1181 2969 1289 3032 his
1309 2971 1543 3031 ,numis
1569 2968 1670 3048 ju-

145 3063 334 3126 dicia
368 3080 938 3136 commemorare,

247 3156 351 3220 Cl.
389 3157 755 3220 Eduardus
796 3157 1103 3221 Cor-finus
1137 3177 1319 3222 anno
1353 3159 1544 3241 '1754
1586 3161 1667 3224 li-

149 3252 408 3315 bellum
445 3253 700 3328 edidit,
754 3255 862 3316 cui
896 3254 1127 3318 titulus
1159 3278 1176 3317 ι
1244 3256 1319 3319 de
1354 3256 1668 3343 Minmjsa-

2998 609 3002 612 ⁴
3137 608 3281 672 559

1764 774 2170 860 probaretur
2196 779 2569 855 Friilichio,
2621 779 2861 840 eodem
2897 777 3121 843 adhuc
3162 766 3297 845 ειη-ἶ

1763 891 1853 933 no
1898 870 2201 935 libellum
2242 874 2555 958 opposuit
2578 874 3008 958 inscriptum:
3065 876 3286 942 Dubia

1767 970 1839 1031 do
1871 970 2211 1055 Mimag'fari
2249 970 2634 1055 aliorumque
2683 969 3025 1034 Armeniae
3056 992 3280 1054 regum

1766 1067 1967 1127 numis
1990 1111 2010 1140 ,
2062 1075 2125 1128 et
2154 1065 2608 1153 Arsacidarum
2650 1062 2875 1149 epocha
2908 1086 3103 1149 nuper
3149 1065 3280 1130 vul-

1761 1163 1985 1244 gatis,
2039 1161 2282 1242 quibus
2316 1160 2585 1224 elevare
2631 1159 2886 1224 Corfini
2919 1181 3279 1247 argumen-

1737 1269 1842 1331 ⁴ta.
1874 1257 2059 1318 omni
2092 1256 2341 1340 ingenii
2373 1268 2441 1319 et
2486 1256 2884 1319 eruditionis
2935 1268 3283 1340 apparatu

1767 1349 1855 1412 est
1889 1351 2244 1434 aggress'us.
2392 1352 2549 1414 Non
2613 1363 2842 1419 tamen
2897 1352 3151 1415 vietum
3210 1352 3278 1413 se

1764 1443 2096 1530 profess'ua
2129 1444 2441 1508 Corfinus
2472 1446 2711 1509 causae
2738 1447 2896 1512 suae
2927 1446 3271 1531 suppetias

1764 1542 2008 1603 iterum
2045 1542 2233 1604 venit
2265 1541 2718 1604 dissertatione
2758 1542 2980 1604 altera
3010 1542 3276 1607 Romae

1776 1655 1953 1720 1757
1998 1636 2202 1701 edita.
2328 1636 2595 1698 Poffum
2658 1638 3275 1703 commemorandis

1765 1732 1849 1792 iis
1873 1778 1892 1808 ,
1946 1751 2123 1813 quae
2152 1732 2399 1795 eruditi
2443 1732 2640 1794 IIviri
2676 1751 2802 1814 pro
2839 1731 3277 1815 sua.quisque

1765 1827 1966 1889 causa
2010 1826 2409 1903 attulerunt,
2481 1824 2806 1889 abstinere
2830 1873 2852 1902 ,
2922 1844 3058 1895 non
3127 1838 3275 1890 tam

1764 1922 1949 2003 quod
1984 1918 2261 1985 instituti
2296 1925 2432 1984 mei
2474 1920 2773 1986 brevitas
2812 1933 2956 1984 tam
3003 1923 3277 2007 copiose

1763 2017 2108 2101 disputata
2138 2036 2273 2079 non
2308 2018 2587 2101 recipit,
2631 2036 2839 2100 quam
2890 2018 3078 2099 quod
3132 2038 3278 2081 om·

1760 2114 1868 2176 nia
1889 2111 2142 2176 Corfini
2167 2113 2479 2175 doctrina
2509 2114 2654 2191 jam
2684 2111 2820 2174 hoc
2851 2131 2986 2176 uno
3021 2113 3271 2197 disper-

1761 2209 1853 2284 it,
1906 2208 2094 2291 quod
2127 2227 2335 2271 numo
2389 2207 2774 2292 inscriptum
2811 2208 3273 2275 ΜΙΝΝΙΣΛΡ.

1763 2303 2190 2388 praetendit,
2245 2304 2527 2386 quando
2562 2313 2819 2367 certum
2898 2300 3025 2379 est,
3074 2303 3162 2365 inx
3187 2324 3272 2367 eo

1755 2398 1896 2482 -legi
1930 2401 2484 2474 ΑΔΙΝΝΙΓΛΟ.,
2562 2414 2769 2479 quam
2822 2417 3068 2461 vocem
3131 2416 3280 2463 non

1764 2493 1973 2556 modo
2016 2492 2271 2575 reperit
2301 2491 2680 2553 Friilichius
2715 2493 2785 2553 in
2835 2491 3020 2553 fideli
3056 2494 3275 2578 pictu-

1759 2607 1842 2651 ra
1881 2607 1967 2649 ex
2008 2585 2151 2670 ipso
2200 2585 2579 2670 archetypo
2647 2584 2853 2648 musei
2896 2585 3277 2651 Stoschiani

1761 2694 2089 2768 excepta,
2143 2692 2212 2744 et
2263 2679 2381 2743 fibi
2438 2701 2483 2743 a
2532 2677 2745 2742 Gorio
2784 2679 3273 2745 vindobonam

1761 2779 1992 2856 mura,
2042 2779 2155 2841 sed
2189 2778 2396 2842 etiam
2435 2776 2673 2840 Abbas
2706 2775 3273 2860 BarthelemyuS,

1760 2877 1876 2959 qui
1912 2873 2309 2958 fingularem
2340 2871 2519 2935 hunc
2548 2891 2826 2934 numum
2861 2870 3025 2934 olim
3060 2873 3274 2936 musei

1755 2969 2043 3046 Palatii,
2094 2970 2338 3034 deinde
2387 2963 2712 3043 Stoschii,
2762 2967 2937 3052 regis
2985 2967 3080 3030 sui
3124 2968 3269 3031 the·

1751 3067 1953 3129 sauro
1990 3065 2215 3129 intulit
2238 3110 2262 3141 ,
2312 3076 2385 3126 et
2408 3062 2703 3130 subinde,
2725 3062 2868 3124 aeri
2893 3061 3172 3128 incisum
3202 3083 3268 3126 e-

1753 3164 2132 3225 ruditorum
2156 3160 2370 3222 oculis
2402 3158 2698 3241 subjecit.
2750 3163 2808 3233 ⁸)
2910 3156 3138 3239 Quare
3171 3159 3272 3222 ul-
3306 3229 3309 3240 Ι

1751 3268 1859 3320 tro
1885 3327 1892 3336 ‚
1915 3255 2341 3319 collabuntur
2392 3253 2627 3318 omnia
2653 3301 2675 3330 ,
2717 3272 2894 3337 quae
2960 3250 3273 3319 Corfinuc

147 3350 211 3412 ri
233 3395 255 3430 ,
305 3348 696 3433 aliorumque
751 3348 1096 3414 Armeniae
1147 3370 1370 3434 regum
1417 3354 1622 3416 numis-
1644 3399 1665 3432 ,
1745 3364 1943 3417 tanto
1976 3351 2116 3415 nisu
2158 3352 2243 3413 de
2280 3347 2642 3413 Minnisare
2681 3350 2752 3412 in
2782 3360 3128 3412 monetam
3160 3371 3263 3412 re·

147 3454 208 3506 ot
234 3443 700 3527 Arsacidarum
745 3442 970 3529 epocha
1022 3444 1378 3534 differ-tatio.
1506 3450 1663 3531 Agi-

150 3550 260 3614 tur
293 3540 361 3600 in
397 3538 539 3601 hac
579 3540 666 3601 de
705 3558 948 3616 numo,
999 3559 1198 3623 quem
1248 3542 1474 3626 priore
1507 3542 1665 3606 loco

153 3632 517 3719 proposui,
584 3633 699 3693 sed
744 3635 849 3696 vir
934 3635 1232 3699 eruditus
1273 3656 1399 3721 pro
1477 3649 1664 3702 certo

154 3729 664 3791 ΑΔΙΝΝΙΓΛΟ
725 3726 891 3811 legit
945 3731 1390 3806 ΜΙΝΝΙΣᾼΡ.
1488 3733 1664 3795 Eum
1717 3723 1728 3739 ’

158 3841 318 3907 ergo
366 3821 677 3907 applicat
716 3824 1054 3909 Minnisari
1098 3827 1460 3891 Armeniae
1499 3828 1665 3912 regi,

156 3920 339 3998 cujus
383 3917 455 3980 in
511 3911 793 3997 Traiani
841 3917 1043 3980 rebus
1113 3919 1304 4002 gestis
1365 3923 1670 3986 meminit

151 4013 337 4089 Dio,
415 4012 529 4075 sed
577 4031 778 4093 quem
859 4013 1257 4099 Mamsarum
1334 4017 1661 4103 appellat.

153 4110 373 4189 Atque
405 4107 549 4172 hac
586 4105 841 4169 fiducia
871 4127 1126 4172 novum
1167 4109 1427 4174 invexit
1462 4133 1664 4176 aerae

154 4202 516 4266 Parthicae
581 4203 994 4289 principium
1063 4203 1154 4268 ab
1221 4223 1399 4270 anno
1441 4211 1526 4272 V.
1581 4206 1664 4276 C·

156 4315 333 4381 525,
395 4318 482 4361 ex
531 4316 666 4381 quo
700 4317 948 4361 annum
976 4300 1160 4361 numi
1217 4302 1408 4364 ΤΛΓ
1462 4301 1667 4366 dedu-

154 4392 264 4453 cit.
366 4391 694 4456 vniversa
731 4393 905 4458 haec
963 4393 1163 4458 causa
1228 4415 1380 4460 cum
1448 4397 1668 4459 minus

1752 3460 1950 3533 cepto
1971 3494 1991 3523 ,
2045 3458 2112 3510 et
2152 3444 2499 3512 statuendo
2535 3443 2675 3507 alio
2740 3462 2945 3506 aerae
3003 3445 3271 3510 Parthi·

1751 3562 1873 3607 cae
1911 3541 2247 3627 principio
2265 3539 2743 3626 disputaverat.
2840 3538 3152 3625 Denique
3180 3562 3267 3605 ne

1750 3635 2538 3726 quid—praetermittam,
2607 3633 2792 3717 quod
2852 3634 2946 3696 ad
3016 3634 3263 3699 Dionia

1750 3731 2165 3796 Manisarum
2212 3730 2541 3815 pertinet,
2591 3730 2797 3793 video
2855 3749 2902 3792 a
2959 3730 3263 3795 Vaillan·

1748 3830 1847 3891 tio
1880 3820 1967 3904 ὡς
2001 3826 2061 3890 ὲν
2098 3825 2340 3908 παροόῳ
2390 3826 2587 3891 citari
2618 3844 2896 3890 numum
2920 3870 2940 3901 ,
2992 3837 3061 3890 et
3104 3826 3265 3892 huic

1751 3920 2095 3986 Manisaro
2151 3922 2515 3986 Armeniae
2586 3920 2818 4004 regulo
2864 3920 3114 3997 tribui,
3191 3924 3266 3986 in

1751 4021 1936 4098 cujus
1997 4015 2282 4081 adversa
2342 4011 2733 4078 exhibetur:
2806 4014 3011 4098 Caput
3081 4020 3265 4085 tiara

1752 4123 2046 4177 ornatum
2077 4160 2099 4191 ,
2162 4113 2233 4182 in
2297 4109 2568 4178 aversa:
2619 4107 3080 4186 ΒΑΕΙᾼΕΩΣ.
3171 4119 3259 4178 A·

1749 4208 2455 4291 BA122AP0T.typ0
2492 4204 2755 4291 aquitae.
2805 4192 2873 4285 ¹³)
2966 4233 3031 4278 m

1845 4304 2003 4366 Non
2050 4304 2273 4368 minor
2307 4304 2381 4364 in
2417 4303 2692 4365 alterius
2734 4301 2919 4366 numi
2948 4303 3262 4367 examine

1750 4399 2134 4474 contentio,
2211 4409 2277 4459 et
2330 4398 2402 4460 in
2468 4397 2753 4480 legenda
2828 4396 3260 4484 inscriptione
3330 4441 3333 4444 ι

228 4598 284 4665 a)
322 4598 385 4655 Β.
423 4600 490 4654 L.
515 4601 598 4654 T.
633 4595 884 4656 xxxn.
921 4617 980 4672 p.
1016 4603 1137 4667 σφι,

1345 4599 1404 4670 b)
1442 4604 1590 4675 Imp·
1622 4603 1866 4660 Arravid.
1899 4624 1964 4679 Ρ.
1998 4607 2124 4674 306.
