4125 5500
1081 512 1090 525 '
1177 496 1608 576 REGES
1701 493 2353 585 ,PERSIAEL

205 710 359 786 xit,
414 717 484 769 et
549 719 786 767 eorum
857 697 1216 764 nonnullos
1263 700 1406 762 aeri
1489 697 1728 767 incisos

201 800 592 890 proposuit.
645 795 709 878 ⁸)
811 794 1034 859 S'erius
1071 794 1311 859 similes
1359 796 1535 858 alios
1585 795 1729 857 vul-

220 900 410 983 gavit
435 892 832 958 Pellerinius
856 937 883 969 ,
923 880 1006 972 l’).
1045 909 1215 974 quos
1262 892 1438 953 inter
1493 890 1727 955 eximi-

220 990 298 1056 us
333 1009 580 1055 aureus
618 1005 829 1064 unus,
877 988 950 1049 in
987 989 1170 1068 cujus
1218 988 1450 1049 antica
1499 986 1730 1070 capita

212 1091 389 1173 regis
434 1097 503 1147 et
542 1083 812 1167 reginae
868 1085 1144 1166 jugata,
1218 1079 1462 1165 quibus
1513 1080 1731 1165 posita

201 1187 406 1266 juxta
442 1190 756 1264 protome
786 1176 1099 1256 juvenilis
1137 1195 1463 1240 coronam
1513 1177 1728 1263 porri·

214 1280 334 1363 git.
433 1274 707 1356 Reliqui
754 1291 1136 1337 omnes·ex
1184 1284 1465 1356 argento
1514 1272 1729 1360 probe

214 1391 387 1457 puro
416 1371 566 1432 sunt
594 1415 618 1445 ,
667 1367 1011 1431 volumine
1039 1368 1152 1429 -ad
1195 1368 1488 1451 primum
1525 1381 1593 1431 et
1639 1368 1729 1430 se-

201 1468 510 1531 -cundum
555 1464 905 1529 modulum
962 1462 1400 1544 accedentes,
1465 1462 1577 1526 sed
1635 1462 1732 1525 la-

211 1564 443 1625 minae
481 1560 728 1623 tenuis,
828 1560 905 1625 ln
958 1556 1182 1623 museo
1227 1557 1563 1622 Caesareo
1592 1559 1729 1621 duo

213 1659 370 1721 sunt
395 1654 691 1739 quinarii
765 1652 1028 1719 ambitu
1054 1701 1074 1732 ,
1154 1653 1269 1717 sed
1321 1653 1396 1717 hi
1460 1672 1730 1737 quoque

216 1764 474 1815 tenues.

311 1848 564 1931 Typus·
601 1844 774 1930 ignis
806 1844 879 1909 in
914 1856 1118 1929 parte
1148 1843 1385 1910 aversa
1402 1856 1545 1907 tam
1574 1863 1729 1905 con-

211 1943 435 2027 fpicue
469 1939 837 2027 propositi,
891 1952 1032 2025 tum
1081 1951 1148 2000 et
1208 1939 1382 2004 astra
1439 1937 1593 2001 solis
1666 1949 1733 1999 et

215 2038 415 2102 lunae
456 2036 795 2098 suaserunt
855 2034 1248 2111 Frolichio,
1303 2047 1370 2096 et
1422 2034 1537 2117 qui
1578 2051 1731 2094 eum

213 2133 413 2196 secuti
448 2131 621 2207 sunt,
672 2143 747 2192 ut
775 2129 1104 2193 Persicam
1134 2131 1274 2216 hos·
1310 2148 1550 2191 numos
1589 2148 1731 2191 mo·

213 2240 438 2290 netam
459 2226 835 2293 crederent.
930 2224 1296 2289 Enimvero
1319 2222 1595 2309 copiosa
1612 2223 1729 2285 ha-

211 2322 446 2385 bemus
484 2334 791 2383 veterum
842 2316 1259 2397 testimonia,
1330 2329 1586 2402 quanta
1633 2337 1731 2377 re-

211 2417 466 2501 ligione
503 2428 769 2478 veteres
825 2413 1063 2483 Persae
1101 2417 1322 2500 ignem
1345 2460 1370 2491 ,
1417 2424 1487 2473 et
1526 2410 1731 2473 solem

209 2512 580 2594 lunamque
640 2509 1093 2587 observarint,
1164 2530 1338 2595 quae
1405 2507 1731 2590 pleraque

210 2607 490 2690 collegit
523 2605 944 2681 Frblichius,
996 2601 1055 2685 e)
1111 2618 1175 2667 et
1215 2591 1730 2679 FoucheriuS.‘¹)

214 2701 534 2766 Ceterum
574 2714 641 2763 et
689 2721 770 2762 eo
805 2702 1044 2764 ducem
1081 2700 1497 2764 Friilichium
1525 2697 1731 2759 liben-

210 2797 735 2873 ter-consector,
793 2798 930 2879 qui
959 2797 1378 2862 dissimulato
1412 2792 1523 2856 suo
1558 2793 1732 2873 judi·

208 2895 357 2968 cio,
408 2911 700 2976 quorum
753 2893 828 2970 hi
882 2895 1068 2955 numi
1136 2911 1386 2989 regum·
1414 2888 1733 2970 offerrent

210 2991 488 3071 capita,
570 2987 876 3048 malebat
929 2987 1317 3073 exspectare
1353 3033 1372 3063 ,
1430 2984 1575 3048 dum
1624 2981 1733 3047 do-

207 3086 371 3148 ctior
406 3082 639 3168 aliquis
693 3084 931 3169 exsistat
951 3129 970 3159 ,
1039 3087 1145 3168 qui
1199 3082 1404 3164 legere
1460 3088 1734 3143 veterum

204 3179 545 3264 Persarum
581 3175 1004 3252 characteres..
1041 3189 1100 3243 et
1135 3178 1467 3259 intelligere
1482 3177 1551 3261 se
1576 3173 1735 3263 poffe

207 3274 420 3340 credat
456 3283 517 3337 et
552 3275 750 3363 poffit.
783 3263 816 3293 ⁸
844 3273 1106 3336 Eodem
1159 3272 1435 3336 consilio
1473 3273 1561 3334 ab
1619 3290 1730 3332 ex-

202 3369 545 3453 plicandis
577 3369 797 3438 ‚etiam
836 3370 1247 3451 argumentis
1288 3366 1440 3430 aliis
1488 3367 1555 3426 in
1598 3365 1730 3428 hac

202 3476 487 3526 moneta
521 3461 746 3528 obviis
786 3459 1131 3538 abstineo,
1180 3462 1361 3544 quod
1443 3459 1731 3522 libenter

202 3560 533 3643 permitto
579 3555 669 3618 iis
703 3602 734 3632 ,.
777 3558 893 3640 qui
934 3559 1422 3620 contentiorem
1479 3557 1570 3618 ad
1619 3576 1730 3618 ex-

201 3651 568 3737 plicandos
612 3650 962 3714 Persarum
1007 3653 1173 3715 ritus
1217 3663 1285 3714 et
1331 3651 1732 3736 religionem

208 3766 494 3831 operam
530 3745 978 3820 contulerunt.

304 3843 520 3932 Atqui
542 3887 576 3917 ,.,
615 3841 801 3923 quod
844 3841 978 3912 diu,
1031 3853 1478 3925 optaveram,
1552 3840 1728 3906 hanc

204 3956 425 4028 nuper
470 3939 550 3998 in
580 3934 644 3998 se
693 3935 1122 4019 provinciam
1182 3936 1457 4020 suscepit
1510 3939 1728 4000 erudi-

205 4044 316 4094 tus
371 4031 655 4114 quidam
710 4028 945 4092 Gallus
1006 4028 1286 4112 vulgato
1343 4050 1547 4113 opere
1624 4032 1734 4096 his

197 4127 448 4194 verbis.
489 4126 852 4209 inscripto:
913 4127 1256 4192 Me‘moires
1297 4125 1420 4211 sun
1469 4126 1766 4216 divenses

3186 525 3327 591 555
3382 610 3399 625 ‚

1822 703 2159 786 antiquitat
2193 698 2275 764 de
2296 696 2361 761 la
2394 695 2578 778 Perse
2592 742 2613 773 ,
2663 705 2723 758 et
2740 694 2864 780 fier
2919 693 3006 759 les
3036 694 3335 762 mldailles

1818 797 1927 862 des
1960 795 2124 871 Rois
2158 794 2232 859 de
2272 793 2336 857 la
2371 792 2634 878 dynastis
2686 790 2795 855 des
2829 788 3181 879 Saffanldes
3216 804 3327 858 otc.

1807 913 1943 977 par
1981 926 1987 933 -
2052 934 2076 955 .
2109 891 2218 977 ⁰9⁷·
2268 888 2553 976 Silvqster
2595 887 2668 952 de
2713 887 2899 972 Sacy.
2998 887 3100 953 De
3145 887 3189 950 p
3209 891 3329 952 im,
3424 920 3446 963 .·
3560 854 3575 860 “

1805 1009 1919 1073 prr
2176 984 2489 1051 nationale
2569 986 2878 1048 executive
2915 981 2999 1046 du
3080 984 3330 1048 Louvre

1815 1104 1998 1169 1793.
2038 1086 2107 1171 in
2143 1091 2281 1166 μυ.
2383 1081 2588 1163 Quod
2625 1077 2811 1141 simul
2838 1090 3042 1162 atque
3095 1100 3180 1143 ex
3220 1079 3325 1142 In·

1818 1181 2010 1243 diciis
2073 1177 2395 1240 literariis
2445 1171 2984 1257 Gottingensibus
3052 1194 3325 1261 compe-

1820 1276 1929 1351 ri,
1978 1272 2039 1352 θ)
2095 1270 2265 1335 nihil
2310 1283 2493 1349 erat,
2560 1270 2745 1355 quod
2788 1269 3148 1355 impensius
3214 1290 3325 1334 cu-

1815 1371 2105 1433 randum
2134 1364 2462 1452 putassem
2492 1413 2513 1443 ,
2565 1385 2775 1449 quam
2819 1377 2895 1427 ut
2952 1385 3165 1453 opere
3236 1366 3331 1430 ad

1816 1464 2189 1552 praesentis
2210 1462 2587 1547 argumenti
2619 1458 3155 1525 enucleationem
3185 1473 3330 1525 tam

1818 1559 2085 1646 copiose
2125 1560 2449 1622 servituro
2481 1558 2762 1643 potirer.
2860 1556 3024 1639 Ejus
3061 1556 3330 1621 Parisiis

1819 1654 2186 1719 arcessendi
2224 1672 2376 1716 cum
2413 1653 2670 1716 nollent
2699 1650 2961 1716 librarii
3003 1650 3330 1715 nostrates

1818 1764 2099 1837 propter
2133 1749 2297 1813 belli
2349 1768 2527 1811 nunc
2592 1749 2891 1811 maxime
2973 1748 3332 1813 saevientis

1814 1847 2305 1932 impedimenta
2359 1845 2426 1907 in
2472 1845 2532 1905 se
2571 1861 2805 1906 curam
2845 1842 3189 1929 suscipere,
3217 1844 3332 1905 de-

1818 1943 1889 2005 di
1938 1961 2261 2025 operam,
2309 1952 2384 2002 ut
2428 1939 2596 2002 illud
2660 1960 2783 2024 per
2858 1938 3332 2005 Helvetiorum

1810 2057 2047 2123 agrum
2072 2038 2161 2099 ad
2187 2055 2294 2097 me
2314 2033 2747 2120 perferretur.
2845 2041 2940 2098 At
2975 2036 3153 2098 enim
3187 2033 3328 2118 plu·

1817 2153 1926 2196 res
1960 2136 2102 2211 jam
2142 2131 2288 2194 sunt
2330 2130 2581 2193 menses
2613 2176 2633 2208 ,
2688 2151 2775 2194 ex
2819 2150 2956 2214 quo
2986 2130 3134 2216 spes
3193 2149 3331 2191 me·

1817 2249 1893 2291 as
1939 2228 2297 2304 retardari,
2351 2237 2418 2288 et
2453 2228 2635 2290 votis
2668 2246 2934 2293 moram
2962 2227 3145 2307 injici
3180 2244 3335 2290 cum

1815 2323 2048 2384 taedio
2094 2324 2431 2405 experior.
2530 2324 2864 2386 Nimirum
2916 2321 3155 2385 infelix
3187 2321 3332 2397 illa,

1817 2435 1900 2478 ac
1940 2417 2191 2481 cerrita
2229 2414 2583 2477 Gallorum
2620 2419 2810 2479 natio
2846 2417 3107 2481 omissis
3146 2429 3330 2480 vete-

1816 2511 2008 2574 ribus
2049 2509 2179 2570 suis
2222 2499 2505 2584 studiis,
2581 2530 2868 2593 quorum
2920 2531 3096 2594 ope,
3182 2532 3338 2575 cum

1814 2625 2008 2691 reges
2040 2604 2266 2668 adhuc
2302 2601 2596 2666 summae
2632 2605 2729 2666 rei
2768 2604 3168 2689 praefuere,
3218 2627 3333 2669 ve-

1816 2723 1965 2765 ram
1994 2747 2015 2778 ,
2067 2699 2487 2781 solidamque
2531 2700 2911 2768 doctrinam
2950 2700 3334 2765 circumfer-

1817 2820 1890 2862 re
1921 2817 2043 2881 per
2085 2808 2417 2859 terrarum
2454 2797 2689 2859 orbem
2728 2800 2798 2861 in
2845 2798 3084 2882 primis
3155 2799 3335 2862 curis

1816 2893 2058 2956 habuit
2082 2938 2101 2968 ,
2155 2893 2429 2954 mutatis
2460 2895 2602 2974 jam
2639 2912 2815 2958 nunc
2862 2894 3157 2978 ingeniis·
3189 2897 3330 2977 ejus

1818 3000 2078 3052 tantum
2108 2987 2357 3050 indolis
2405 2987 2675 3051 libellos
2710 2989 2841 3052 alis
2877 2987 3064 3075 gestit
3108 2985 3336 3052 instru-

1820 3104 1969 3159 ere,
2026 3095 2093 3144 et
2137 3083 2527 3146 examinum
2562 3104 2749 3148 more
2796 3085 2868 3148 in
2928 3103 3161 3149 omnes
3202 3097 3333 3147 ter·

1816 3199 2046 3243 rarum
2083 3178 2364 3268 recessus
2411 3180 2761 3261 emittere,
2807 3199 2929 3265 per
2980 3200 3149 3264 quos
3182 3180 3334 3244 reli-

1800 3275 2036 3358 gionis
2071 3275 2302 3336 avitae
2321 3320 2349 3349 ‚.
2392 3275 2613 3358 legum
2666 3277 3039 3359 patriarum
3066 3323 3091 3354 ,
3160 3277 3334 3361 opti·

1818 3389 2082 3434 morum
2121 3369 2500 3452 principum
2540 3370 2750 3453 possit
2779 3383 3238 3455 contemptum
3261 3372 3330 3433 in
3372 3415 3395 3428 ,

1815 3465 2082 3528 animos
2122 3462 2526 3546 populorum
2579 3465 3017 3549 ingenerare,
3084 3466 3336 3529 scilicet

1815 3580 1898 3621 ne
1943 3558 2085 3620 sola
2121 3558 2234 3635 sit,
2290 3578 2462 3640 quae
2508 3561 3151 3645 paucorumpresl'a
3223 3574 3327 3644 ty-

1816 3653 2095 3716 rannide
2122 3700 2141 3729 ,
2193 3653 2524 3738 sanguInis
2562 3675 2642 3718 ac
2686 3658 2869 3734 vitae
2905 3705 2924 3736 ,
2976 3669 3334 3740 parentum

1815 3748 2356 3831 liberorumque,
2422 3748 2825 3815 facultatum
2857 3801 2880 3831 ‚
2959 3772 3041 3815 ac
3117 3754 3332 3818 sacro-

1813 3864 1961 3906 rum
1998 3845 2377 3927 patriorum
2422 3858 2703 3930 cogatur
2734 3851 3072 3928 jacturam
3126 3870 3328 3934 expe-

1811 3940 1964 4014 riri,
2018 3950 2137 4000 aut
2168 3959 2250 4014 ne
2280 3939 2583 4016 splafit,
2627 3961 2830 4024 quam
2893 3944 3057 4007 olim
3107 3945 3324 4010 incor-

1811 4046 2013 4119 rupta
2055 4033 2409 4119 posteritas
2464 4035 2641 4098 insta
2681 4037 3093 4116 bellua-rum,
3141 4052 3263 4101 aut
3282 4039 3347 4112 si.

1813 4131 1988 4213 quid.
2024 4126 2110 4191 est
2150 4128 2254 4191 his
2301 4133 2637 4209 atrocius»,
2693 4136 3040 4220 magisque
3072 4135 3330 4219 sangui-

176 4299 3337 4334 Μ,

270 4376 324 4434 a)
369 4373 503 4443 neg.
542 4383 649 4425 vet.
688 4388 838 4422 num.
876 4389 936 4440 p,
972 4373 1058 4431 66,

202 4443 452 4506 XXX-1„
629 4437 687 4507 d)
721 4439 857 4492 Jahr
895 4455 1028 4510 ²793
1063 4438 1229 4494 stflck
1270 4450 1365 4507 178
1397 4440 1542 4494 Seite
1585 4461 1734 4510 1777,

1287 4370 1345 4435 b)
1385 4371 1581 4442 Suppl,
1621 4375 1726 4434 111,
1762 4393 1820 4446 p.
1855 4389 1944 4444 34.

2158 4378 2204 4445 ο)
2242 4379 2277 4431 l.
2316 4398 2361 4433 e.
2574 4381 2632 4450 d)
2673 4384 2737 4436 B.
2775 4385 2840 4438 L.
2877 4386 2950 4439 T.
2988 4387 3233 4442 XXVII.
3273 4399 3346 4441 eh

2496 4528 2941 4595 Aaaaz

2666 4619 2707 4642 Q
