4125 5500
1160 526 1587 616 REGES
1687 538 2424 617 ARMENIAE.

965 735 1001 770 ὖ

1145 788 1177 822 O

305 836 545 905 Certos
579 852 739 925 engo
777 833 1044 899 urbium
1088 852 1331 899 numos
1368 855 1527 902 cum
1588 854 1726 902 non

3183 581 3324 644 203

1807 739 2225 818 habeamus,
2276 740 2609 804 habemus
2639 754 2868 809 tamen
2913 767 3172 836 paucos
3215 772 3327 819 re·
3391 826 3398 835 ι

1808 854 2009 921 gum,
2061 837 2148 899 de
2185 835 2442 920 quibus
2468 841 2808 906 continuo.

978 1305 1523 1389 REGE&
1609 1303 2574 1393 ARMENIAE«.

201 1653 525 1779 Horum
543 1699 740 1763 l'eries
789 1718 1006 1784 egena
1033 1712 1100 1764 et
1126 1717 1419 1776 manea,
1462 1711 1530 1762 et
1559 1718 1725 1765 non-

190 1795 593 1871 nullorum,
639 1814 809 1879 quos
853 1813 1043 1878 reges
1095 1796 1280 1867 numi
1328 1794 1721 1879 appellant,

194 1886 355 1974 ipsa
378 1890 664 1953 nomina
721 1886 1034 1952 historiae
1081 1889 1227 1953 fere
1305 1892 1581 1976 ignota,
1635 1890 1721 1959 fic

189 1995 268 2045 ut
305 2005 441 2070 per
482 1988 897 2065 conjecturas
958 1997 1221 2050 tantum
1275 1985 1364 2055 ab
1424 1987 1720 2057 extemis

187 2080 617 2163 quibusdam
652 2079 843 2165 lignis
878 2081 1129 2164 petitas
1165 2079 1356 2163 suillfe
1411 2083 1721 2145 Armeni-2

186 2192 285 2237 ae.
311 2194 515 2259 reges
552 2173 755 2238 liceat
784 2174 1087 2251 statuere.
1186 2178 1381 2239 Vnde
1431 2175 1717 2256 factum,

182 2281 269 2331 ut
300 2271 598 2346 eruditi,
653 2272 769 2355 qui
831 2290 951 2333 eos
1007 2269 1329 2335 illustrare
1390 2274 1533 2334 sunt
1601 2292 1719 2357 ag·

179 2367 447 2449 gressi,
502 2366 721 2428 multa
748 2367 1055 2451 impensa
1105 2387 1321 2454 opera
1379 2370 1717 2449 conjectu-

176 2478 428 2523 rarum
498 2462 783 2544 denique
833 2463 1082 2524 molem
1143 2456 1539 2546 cogerentur
1597 2462 1724 2525 ob-

173 2557 515 2632 trudere,
564 2557 635 2617 in
677 2576 815 2638 qua
850 2556 1235 2618 evolvenda
1268 2557 1419 2640 plus
1460 2556 1717 2633 taedii,

171 2670 403 2734 quam
454 2668 659 2711 verae
692 2649 1003 2735 scientiae
1054 2652 1487 2735 percipimus,

277 2747 487 2807 Inter
522 2742 700 2826 ligna
752 2757 1064 2821 externa,
1134 2765 1306 2828 quae
1355 2744 1719 2807 Armeniae

162 2858 391 2924 regesv
460 2834 1392 2924 discriminant'„⁸reponimus
1451 2852 1718 2923 tegmen

157 2934 440 3019 capitis
488 2933 553 2995 in
583 2931 919 3018 fastigium
964 2953 1150 2996 more
1209 2954 1440 3018 regum
1499 2935 1713 2996 orien-

155 3031 252 3092 tis
313 3028 592 3091 abiens.
693 3028 868 3092 Illud
922 3040 1196 3138 recepto
1242 3048 1431 3091 more
1466 3030 1713 3090 tiaram

152 3125 365 3188 Iubet
417 3122 879 3220 compellare,
931 3122 1043 3186 etii
1085 3125 1152 3186 in
1188 3123 1521 3186 nonnullis
1554 3143 1711 3185 con-

153 3220 489 3283 trarium
525 3217 691 3280 mihi
734 3205 1007 3282 videam
1074 3219 1543 3295 Pellerinium,
1596 3219 1711 3302 qni

150 3316 463 3425 prolixa
520 3312 964 3398 disputatione
1037 3334 1275 3377 veram
1329 3315 1587 3390 tiarae,
1645 3326 1712 3377 et

150 3411 473 3486 mitrae,
553 3422 619 3470 et
678 3409 935 3472 cidaris
1002 3408 1311 3473 formam.
1361 3408 1705 3494 explicare

147 3504 509 3581 instituit,
567 3501 630 3584 ²)
684 3505 793 3565 sed
842 3525 976 3588 qua
1028 3504 1333 3590 perlecta·
1384 3504 1709 3590 incertior

148 3609 355 3663 era'm
387 3649 408 3676 ,
472 3617 687 3683 quam
742 3600 1031 3664 dudum..
1116 3600 1291 3664 Eam
1330 3619 1561 3684 regum
1580 3602 1706 3660 Ar-

142 3697 438 3760 meniae
487 3694 747 3756 tiaram
791 3715 876 3756 ex
908 3696 1137 3786 primo
1172 3693 1507 3776 instituto,
1554 3713 1711 3756 cum

138 3788 580 3875 fimpsicitas
615 3790 836 3851 adhuc
877 3792 1128 3867 valuit,
1176 3788 1363 3852 fuiss'e
1398 3789 1707 3852 conicam

130 3886 340 3949 nullo
382 3886 544 3948 alio
602 3885 835 3948 addito
882 3899 1330 3963 ornamenw,
1394 3883 1512 3948 nifi
1561 3883 1702 3946 dia-

136 3983 439 4058 demate
475 4028 499 4058 ,
559 3977 687 4064 ipfi
718 3980 1035 4045 videntur
1065 3984 1311 4045 docere
1344 3979 1569 4056 numi,
1617 4000 1712 4042 ex

132 4076 405 4162 quibus
474 4076 585 4151 ii,
675 4075 787 4158 qui
869 4078 1266 4160 antiquitate
1326 4072 1702 4158 praestant,

130 4191 296 4236 cum
337 4171 584 4243 simili,
640 4189 855 4254 neque
889 4170 1169 4233 alterius
1203 4169 1467 4233 formae
1500 4170 1713 4244 tiara„

126 4287 338 4354 reges
380 4268 556 4330 suos
600 4278 1033 4349 proponunt,
1085 4278 1159 4328 ut
1199 4266 1433 4329 videre
1478 4262 1571 4350 est=
1614 4283 1711 4328 ex-

1805 1699 2025 1762 numis
2080 1699 2378 1763 Arsamis
2420 1744 2440 1775 ,
2525 1698 2768 1767 Xerxis
2805 1752 2825 1784 ,
2908 1707 3098 1774 Sami
3138 1761 3158 1792 ,
3245 1731 3318 1783 et

1808 1814 2007 1877 quem
2040 1816 2132 1861 ex,
2180 1797 2421 1859 eadem
2457 1797 2657 1859 causa
2707 1798 2839 1865 hue
2880 1824 3060 1869 voco
3086 1855 3105 1885 ,
3187 1811 3319 1875 Mi·-

1801 1887 2140 1957 thridatis.
2241 1889 2528 1973 Sequior
2560 1904 2750 1958 aetas
2795 1897 2864 1960 in
2908 1904 3331 1972 Armeniacac

1798 1981 1931 2057 hac
1966 1985 2146 2053 tiara
2176 1986 2334 2049 coni
2367 1985 2635 2069 apicem
2669 1996 3030 2074 truncavit,
3083 2002 3332 2081 credo,.

1799 2091 1874 2142 ut
1908 2081 2120 2145 radiis
2169 2079 2394 2145 locum
2427 2078 2708 2163 faceret,
2760 2089 3004 2171 quibus
3041 2093 3316 2161 subinde

1798 2177 1939 2257 ejus
1983 2196 2177 2239 oram
2208 2174 2552 2253 distinxit,
2592 2182 2777 2262 quod
2819 2183 3075 2247 solem
3055 2207 3310 2275 impen-
3317 2230 3338 2249 η
3431 2256 3438 2267 θ

1796 2268 1921 2335 fius
1957 2271 2403 2336 observavere
2440 2274 2800 2354 Armenii,
2842 2276 2974 2343 five
3005 2287 3196 2366 quod
3209 2307 3332 2350 rem

1795 2386 1954 2449 gum
2013 2367 2256 2448 Syriae
2320 2368 2574 2430 cultum
2640 2371 2968 2439 volebant
3036 2378 3325 2446 imitari..

1798 2461 2012 2539 Hujus
2048 2460 2314 2524 formae
2348 2464 2527 2525 tiara
2578 2481 2929 2552 comparet
2972 2472 3041 2533 in
3094 2478 3313 2539 omni-

1795 2553 1930 2616 bus
1950 2553 2390 2637 posteriorum
2419 2576 2650 2645 regum
2680 2564 2923 2638 ῑιιιιιιὶε,
2969 2566 3311 2649 Tigranis,

1796 2648 2243 2725 Artavasdis,
2294 2650 2616 2711 Antiochi
2668 2652 2800 2715 lv..
2827 2653 3312 2743 Commageni,

1801 2753 1875 2804 et
1918 2740 2226 2806 fi-liorum
2272 2742 2650 2827 Epiphanis
2704 2760 2771 2809 et
2815 2747 3192 2831 Callinici,
3244 2772 3313 2822 et

1800 2837 2042 2897 eodem
2085 2838 2400 2922 exemplo
2439 2838 2514 2898 in
2536 2839 2834 2903 denariis
2869 2844 2969 2906 Μ.
3009 2849 3324 2930 Antonii,

1800 2942 1868 2992 et
1908 2931 2221 3017 Augusti,
2274 2933 2400 3018 qui
2417 2935 2780 2997 Armeniae
2850 2913 3164 3010 devictae
3217 2959 3311 3009 te-

1797 3023 2122 3088 stimoniis
2158 3027 2554 3111 gloriantur.
2623 3030 2891 3115 Neque
2927 3033 3041 3098 hic
3077 3038 3309 3103 consti

1794 3121 1875 3182 tit
1898 3123 2200 3185 novandi
2228 3142 2447 3200 amor,
2497 3141 2655 3186 nam
2693 3125 2938 3193 inserta
2968 3130 3068 3193 illi
3104 3132 3303 3215 astra,

1795 3213 2205 3280 adstantibus
2251 3236 2734 3303 nonnunquam
2785 3223 2974 3294 binis-
3014 3229 3302 3311 aquilis,

1791 3309 1859 3371 in
1879 3311 2217 3375 nonnullis
2237 3311 3116 3404 Commagenis-insculptus
3133 3324 3318 3387 scor·-

1790 3406 1961 3490 pius
1991 3418 2122 3472 etc.
2225 3407 2415 3472 Haec
2444 3409 2773 3493 copiosius
2823 3415 3101 3499 exposui
3148 3439 3300 3501 prm

1790 3514 2067 3583 pterea,
2119 3517 2241 3581 ut,
2291 3522 2444 3565 cum
2473 3503 2650 3582 forte
2700 3505 2772 3567 id
2827 3529 3038 3592 genus
3114 3516 3320 3580 numi.

1790 3594 2122 3659 hactenus
2153 3599 2374 3684 ignoti.
2415 3611 2808 3679 occurrent,
2847 3627 2854 3632 ·
2890 3625 3060 3679 non2
3090 3610 3299 3672 modo

1788 3691 2056 3776 planius
2099 3693 2550 3778 intelligamus
2569 3742 2600 3772 ,.
2642 3714 2760 3758 eos
2799 3699 2869 3762 in
2904 3703 3316 3768 Armeniam<

1790 3788 2059 3870 potius,
2143 3809 2348 3874 quam
2432 3788 2768 3853 aliorsum
2835 3795 3248 3861 derivandos
3278 3846 3316 3878 ,

1786 3902 2020 3944 verum
2092 3889 2302 3946 etiam
2377 3888 2496 3948 cui
2569 3892 3013 3972 opportunius
3094 3896 3316 3957 aetati

1783 3976 2036 4059 possint
2091 3980 2608 4043 adcommodati
2643 4025 2662 4055 ,
2764 3996 3089 4065 quantum
3182 4009 3310 4070 per
3349 4027 3356 4033 -

1785 4069 1912 4132 has
1947 4072 2264 4136 tenebras
2313 4074 2630 4150 licuerit,
2672 4074 3140 4158 dispiciamus,
3180 4081 3298 4143 Di-

1784 4168 1901 4244 xi,
1950 4168 2224 4230 tiaram
2232 4168 2412 4232 hanc
2450 4167 2637 4231 fimul
2687 4170 3073 4234 diademate
3105 4170 3307 4236 fuisse.
3391 4209 3398 4218 ,

1784 4262 2194 4340 revinctam,
2257 4266 2446 4347 quod
2482 4265 2728 4330 docent
2767 4282 2916 4328 non·
2947 4267 3153 4329 modo
3189 4271 3304 4338 in·‚

202 4480 264 4547 a)
304 4478 548 4531 Letues
588 4489 646 4543 R.
683 4489 771 4541 90,

2679 4543 2932 4610 Cc2-

2117 4629 2151 4650 q
