4125 5500
103 1994 140 2028 l

193 4333 312 4376 res
387 4329 568 4376 cum
644 4305 800 4372 AT.
866 4308 1034 4384 artis
1086 4305 1457 4374 inferioris.

190 4415 706 4495 argumentum
759 4401 803 4465 fi
840 4404 1145 4480 mittam,
1214 4403 1487 4467 videtur
1524 4400 1745 4464 verifi-
1832 4402 2014 4467 CAP.
2062 4402 2537 4469 nANlAAoC.
2595 4400 2862 4487 (Notis,
2904 4398 3071 4463 Mus.
3114 4396 3342 4481 Caes.)

189 4506 500 4579 miliu3‚
559 4511 886 4582 utrosque
934 4500 1042 4562 ad‘
1074 4516 1280 4561 unam
1328 4497 1754 4582 eandemque
1831 4500 2066 4578 Πανιας
2118 4497 2364 4584 scripflt
2407 4497 2841 4560 Ptolemaeus
2900 4507 3081 4559 recte
3121 4495 3339 4558 secun-

205 4601 657 4668 Caesaream
736 4595 1038 4683 Philippi
1091 4595 1449 4681 pertinere.
1573 4593 1752 4656 Nam
1836 4594 1996 4657 dum
2039 4609 2323 4672 nurn03‚
2394 4604 2462 4657 et
2499 4594 2684 4676 quod
2732 4613 2815 4656 ea
2882 4611 3027 4658 vox
3084 4584 3201 4655 ἀπο
3273 4609 3347 4655 τε

985 568 1962 659 TRAcflomTls,
2056 542 2710 651 {TVRAEA.

295 788 447 834 men
473 816 493 847 ‚
541 788 701 832 nam
735 769 826 834 ab
865 772 1144 835 Aurelio
1181 791 1396 860 usque
1427 773 1519 838 ad
1552 773 1798 860 Elaga-

3162 596 3384 667 ,ω

1889 772 2227 838 Caesarea
2286 771 2705 838 Palaestinae
2759 774 2879 838 vix
2932 754 3261 859 unquam¹
3294 777 3388 842 ab

286 865 516 929 baluin
555 865 620 927 se
674 865 900 931 scribit
931 869 1143 933 KAIC
1206 868 1381 938 CCB.
1419 870 1504 936 11.
1558 874 1792 933 Annus
1885 870 2281 934 auctoribus
2314 868 2610 950 Caesarea
2633 873 2920 958 Augaefia
2965 871 3229 935 dicitur.
3282 875 3389 938 Io·

279 962 435 1027 AT.
481 959 720 1025 ductus
767 963 858 1031 ab
893 983 1071 1028 anno
1119 965 1201 1029 V.
1258 964 1338 1029 C.
1405 980 1572 1044 421.
1623 965 1787 1033 inci-

1876 964 2121 1050 sephus
2160 985 2294 1029 uno
2326 965 2526 1029 loco:
2578 967 2919 1059 Καισαρεισς
2940 970 3181 1047 Σεξιῑςη
3206 1012 3226 1043 ,
3280 962 3391 1032 sed

267 1042 377 1121 'dit
415 1058 489 1119 in
526 1076 774 1120 annum
817 1078 979 1142 750.
1040 1073 1108 1123 et
1159 1078 1324 1148 75¹·
1382 1050 1476 1125 At
1512 1058 1784 1125 testibus
1872 1059 2203 1146 posterior
2238 1062 2410 1125 haec
2459 1062 2602 1123 vdx
2643 1062 2711 1123 in
2763 1062 3104 1159 aliquibus
3167 1081 3389 1126 exem·

260 1148 605 1227 ,historicis
680 1155 923 1218 eodem
977 1175 1157 1219 anno
1215 1176 1371 1239 751.
1423 1155 1781 1242 Philippus
1865 1153 2177 1241 plaribus
2222 1153 2444 1233 abest,
2497 1157 2663 1219 item
2699 1156 2897 1220 Philo
2946 1159 3016 1222 in
3046 1157 3389 1240 legatione

268 1247 450 1311 hanc
469 1248 706 1331 urbem
733 1242 1148 1316 instauravit.
1205 1253 1547 1318 Continuo
1569 1252 1779 1314 etiam
1869 1251 1959 1314 ad
1998 1250 2259 1334 Cajum.
2358 1252 2437 1315 Iu
2464 1252 2684 1316 numis
2742 1252 3209 1339 imperatoriis
3228 1273 3386 1318 con-

267 1343 431 1407 urbs
497 1362 650 1411 cum
717 1348 991 1411 nomine
1069 1350 1354 1431 antiquo
1438 1345 1776 1432 epocham
1867 1344 2149 1425 stanter,
2205 1360 2279 1411 ut
2331 1346 2755 1427 videbimus,
2812 1349 3088 1414 dicitur:
3140 1348 3380 1414 Καισα-
3518 1412 3523 1420 .

259 1440 567 1511 mutavit
590 1487 610 1518 ‚
663 1454 735 1509 et
762 1462 977 1506 annos
997 1458 1414 1537 ‚computare
1436 1443 1667 1527 coepit
1684 1441 1773 1503 ab

255 1535 395 1611 ,hoc
448 1539 910 1620 reparationis
938 1540 1095 1604 suae
1134 1559 1313 1605 anno
1338 1588 1358 1617 ,
1426 1550 1502 1601 ut
1532 1535 1773 1601 confit·

253 1643 458 1696 mant
479 1634 712 1710 numi,
763 1622 847 1696 de
890 1656 1026 1721 quo
1063 1633 1267 1699 infra.
1367 1633 1597 1718 Quare
1618 1631 1771 1694 Phi-

245 1727 494 1813 iippus
538 1728 611 1811 in
661 1729 1092 1795 dedicatione
1151 1730 1365 1821 hujus.
1395 1728 1581 1793 urbis
1645 1726 1773 1789 hos

249 1842 522 1887 numos
542 1842 795 1909 magno
834 1843 1115 1890 numero
1159 1822 1524 1913 ⁴satiandos
1581 1840 1774 1886 cura·

239 1919 436 1987 ,verit
492 1919 808 2004 exemplo
844 1923 1060 2006 patris
1107 1922 1443 1997 Herodis,
1512 1918 1629 2003 qui
1662 1936 1775 1981 ex-

241 2012 513 2085 structa
562 2012 831 2079 Sebaste
879 2016 1309 2095 Samaritidis
1346 2027 1418 2080 et
1438 2012 1794 2079 Caesarea-

237 2106 679 2175 Palaestinae
720 2110 1087 2197 magnifica
1136 2111 1512 2179 certamina
1558 2107 1775 2173 edidit

1859 1460 1962 1523 ρια
2005 1435 2042 1522 ἡ
2083 1460 2225 1529 προς
2245 1444 2541 1522 Σεξαστῳ
2575 1446 2805 1525 λιμενι,
2857 1464 3019 1509 nam
3054 1441 3213 1511 urbs
3240 1443 3385 1530 ipsa

1864 1536 2218 1601 dicebatur
2269 1550 2533 1602 tantum
2598 1539 2938 1625 Caesma,
3039 1552 3113 1604 at
3143 1552 3382 1624 portus

1861 1630 2182 1722 Sebqstom
2235 1636 2305 1698 in
2335 1634 2558 1699 numis
2591 1634 2905 1700 coloniae
2953 1637 3199 1701 dicitur
3231 1637 3378 1718 qui-

1865 1729 2023 1792 dem
2053 1732 2387 1818 Augusta,
2459 1728 2572 1792 sed
2605 1730 2778 1793 haec
2825 1751 2971 1797 vox
3010 1726 3377 1819 praeponi-

1861 1836 2010 1902 tur,
2061 1846 2199 1889 non
2244 1825 2576 1910 sequitur,
2629 1836 2698 1887 et
2727 1826 2949 1891 indita
2980 1825 3113 1891 fuit
3156 1818 3381 1891 aFlass

1863 1919 1984 1985 vio
2025 1919 2323 2006 Augusto
2352 1966 2371 1998 ,
2454 1920 2770 1993 coloniae
2840 1935 3144 1986 auctore.
3292 1924 3389 1986 At

1865 2014 2202 2080 Caesarea
2237 2013 2453 2079 nostra
2500 2017 2569 2078 in
2605 2018 2826 2080 numis
2882 2016 3027 2081 fere
3082 2014 3382 2081 constan·

1860 2123 1964 2175 ter
1995 2112 2245 2176 dicitur
2280 2112 2574 2198 Caesarea
2596 2110 2840 2199 Sebaste
2864 2160 2884 2191 ,
2924 2115 3009 2177 id
3052 2108 3188 2187 est,
3236 2111 3382 2181 Aa·

238 2207 313 2273 in
376 2204 667 2290 Augusti
723 2205 1095 2286 honorem,
1172 2209 1361 2292 quod
1421 2206 1635 2270 etiam
1684 2220 1767 2266 eo
1849 2209 2061 2292 gusta.
2161 2208 2301 2271 Vix
2368 2210 2578 2270 etiam
2640 2209 2912 2272 videtur
2972 2205 3375 2287 verisimile,

237 2299 612 2381 verisimile
645 2299 756 2382 fit,
845 2304 1010 2388 quia
1059 2303 1302 2368 similes
1339 2303 1528 2367 numi
1572 2297 1648 2364 C.
1683 2300 1765 2360 A.

237 2396 365 2460 sub
382 2395 678 2463 Tiberio
717 2399 1006 2484 aliisque
1035 2418 1171 2464 non
1205 2399 1500 2483 amplius
1533 2406 1768 2460 occur-

183 2572 188 2581 ·
231 2505 448 2570 runt,
504 2494 669 2577 quia
691 2496 807 2557 uni
828 2506 1091 2559 tantum
1116 2506 1301 2558 certo
1344 2492 1532 2576 usui,
1579 2508 1769 2553 nem-

230 2609 327 2676 pe
382 2587 846 2653 dedicationis
908 2588 1292 2653 solennibus
1328 2586 1698 2650 servierint.

219 2748 232 2760 ,
339 2684 481 2756 His
519 2698 681 2768 ergo
716 2681 1058 2770 persuasus
1087 2680 1470 2748 rationibus
1488 2677 1765 2743 Pelleri·

222 2778 570 2855 nius-hos
627 2797 867 2844 numos
920 2778 1079 2842 huic
1112 2777 1488 2843 Caesareae
1553 2774 1763 2839 tribu·

222 2876 470 2940 endos
505 2872 761 2952 censet,
814 2875 1000 2957 quod
1018 2873 1131 2938 ille
1168 2885 1388 2938 totum
1406 2885 1760 2957 argumen-

1863 2303 2063 2367 urbes
2121 2305 2293 2367 duas
2330 2300 2628 2367 diversas
2660 2303 2757 2366 ita
2796 2304 3077 2368 voluisse
3115 2302 3372 2387 conspi.

1857 2417 2011 2460 rare
2066 2418 2220 2462 cum
2257 2410 2464 2484 typo,
2515 2410 2658 2460 tum
2699 2399 3167 2484 inscriptione,
3219 2416 3376 2462 cum

1855 2494 2099 2577 potius
2148 2495 2347 2556 urbes
2399 2492 2863 2575 homonymae
2929 2496 3168 2559 solitae
3222 2491 3373 2559 fue*

1855 2588 1994 2648 rint
2009 2587 2380 2650 adfectare
2437 2588 2750 2663 criteria,
2825 2590 3069 2670 quibus
3131 2604 3370 2651 earum

1853 2682 2043 2747 numi
2081 2681 2633 2755 discernerentur,
2736 2682 2915 2746 Mihi
2949 2703 3108 2768 ergo
3131 2702 3369 2747 ornnes

1854 2776 1929 2840 hi
1963 2779 2149 2842 numi
2189 2779 2278 2841 ad
2330 2795 2534 2840 unam
2601 2778 2779 2842 hanc
2820 2777 3223 2844 Caesaream
3257 2779 3369 2841 vi.

1853 2873 2097 2936 dentur
2150 2870 2489 2938 referendi
2519 2917 2538 2949 ,
2627 2873 2737 2936 etsi
2803 2875 2869 2937 in
2923 2874 3175 2936 tuenda
3233 2871 3367 2938 hat

219 2988 386 3035 tum
443 2968 759 3052 singulari
800 2971 1244 3034 adcuratione
1310 2981 1378 3033 et
1425 2966 1760 3052 perspica·
1849 2966 2179 3034 sententia
2226 2968 2647 3058 pertinacior
2683 2967 2809 3033 esse
2844 2967 3077 3032 nolim.

123 3101 129 3114 ·
215 3069 344 3150 eia
391 3062 523 3126 fibi
564 3065 846 3150 propria
879 3064 1315 3151 persequitur.
1414 3059 1759 3144 Istud-om.-
2584 3064 2631 3097 *⁹

212 3183 308 3236 ne
330 3207 351 3238 ‚
415 3160 613 3243 quod
648 3159 906 3238 adfert,
953 3159 1072 3223 etsi
1100 3158 1445 3225 adsensum
1482 3158 1759 3244 plenum

209 3277 362 3324 non
409 3258 743 3338 imperet,
798 3256 1080 3319 multum
1100 3269 1330 3322 tamen
1364 3254 1574 3320 habet
1603 3272 1758 3339 pro·
1845 3255 1933 3318 be
1970 3255 2259 3340 signatos
2297 3273 2552 3340 quaere
2593 3256 2660 3318 in
2697 3258 2921 3320 numis
2980 3254 3187 3348 hujus!
3250 3252 3355 3316 Iu·

210 3350 651 3418 habilitatis.
750 3351 857 3414 De
907 3371 990 3414 eo
1020 3365 1290 3431 tamen,
1341 3351 1528 3435 quod
1562 3348 1758 3433 suspi·
1844 3351 2062 3419 daeae
2106 3352 2303 3438 regis.

211 3461 432 3515 catur
460 3492 485 3524 ,
550 3466 834 3525 numos,
902 3448 1019 3531 qui
1063 3447 1277 3511 solum
1313 3447 1381 3512 C.
1438 3449 1525 3509 A.
1556 3441 1755 3528 'offe-

204 3556 381 3610 runt
405 3587 430 3620 ,
476 3541 606 3604 else
628 3542 999 3606 Caesareae
1030 3540 1454 3607 Palaestinae
1495 3543 1584 3604 ad
1608 3559 1748 3603 ma·.

209 3661 336 3719 re,
409 3649 489 3700 et
530 3638 600 3720 iu
653 3637 898 3723 quibus
953 3638 1225 3703 additur
1281 3653 1494 3702 annus
1540 3637 1696 3701 ΛΤ.
1725 3683 1747 3718 ,

207 3737 347 3812 esse
395 3729 786 3832 Caesareae
819 3735 1164 3798 Paniados
1189 3780 1210 3811 ,
1261 3732 1559 3797 dubitari
1608 3730 1750 3797 sors
1803 3786 1808 3790 .

197 3839 362 3917 jure
409 3826 659 3916 possit.
774 3830 881 3893 Ex
939 3829 1315 3894 rationibus
1395 3828 1747 3914 pluribuS,
1833 3826 2043 3907 liam,
2097 3829 2340 3915 quibus
2375 3832 2553 3898 adde
2622 3849 2899 3894 numum
2951 3828 3294 3895 Iustiniani
3326 3877 3348 3908 ,

203 3947 396 4014 quas
438 3923 773 4002 adducit,
796 3941 881 3988 ea
913 3926 1052 3989 sola
1081 3923 1341 4011 aliquid
1372 3923 1585 3988 habet
1604 3945 1747 3988 mo·
1833 3925 1920 3988 de
1974 3944 2112 4008 quo
2148 3927 2219 3987 in
2253 3925 2405 3989 fine.

201 4024 438 4095 menti
461 4067 488 4100 ‚
569 4039 746 4106 quae
804 4018 1166 4100 adfirmat,
1225 4021 1577 4104 utriusque
1603 4091 1610 4098 ‚
1639 4041 1748 4106 ge-

198 4121 399 4186 neris
458 4135 717 4181 numos
758 4117 1181 4200 aliquantum
1225 4113 1499 4179 differre
1533 4112 1748 4180 fabri·
1831 4116 2029 4181 Ac'r.
2067 4118 2209 4180 ΤΠ.
2248 4116 2593 4182 nauem.
2618 4113 2852 4190 (Notis
2879 4157 2898 4188 ,
2935 4110 3183 4194 Vaill.)
3206 4115 3345 4179 ΠΡ.

198 4236 290 4287 ca
317 4263 343 4295 ,
402 4213 689 4303 priores
733 4212 859 4275 eise
901 4211 1389 4298 perelegantis,
1425 4208 1752 4296 posterio-
1828 4213 2038 4275 nAN.
2102 4211 2250 4274 vel:
2294 4215 2377 4276 H.
2418 4211 2775 4276 ΠΛΝΕΙΩ.
2840 4208 3037 4293 (Mus.
3122 4206 3347 4290 Caes.)

1570 4304 1750 4376 Istud
1827 4304 2321 4372 KAffiAPfflA.
2347 4298 3102 4389 nAN1AC.(Peue1-in.)
3161 4306 3344 4369 ΚΑΙ·

1943 3160 2286 3246 Agrippae
2308 3160 2371 3224 I.
2405 3112 2658 3224 ='numos
2713 3115 2913 3225 binos
2952 3159 3027 3221 in
3082 3158 3214 3222 hac
3257 3177 3363 3221 ur-

2277 3542 2872 3626 Imperatorii:

1934 3733 2103 3798 Sunt
2152 3754 2197 3798 a
2238 3736 2336 3801 M.
2385 3735 2662 3799 Aurelio
2720 3753 2932 3817 usque
2979 3733 3097 3803 ad,
3134 3711 3348 3819 'Aqui-

1929 4019 2336 4106 Epigraphe:
2388 4018 2617 4085 KAIC.
2716 4017 2893 4086 CCB.
2950 4019 3109 4088 161².
3167 4022 3342 4085 ΚΑΙ.
