4125 5500
843 594 985 665 490

832 774 1198 852 Christum,
1249 791 1406 837 cunt
1436 772 1666 837 adhuc
1700 772 1768 837 in
1806 773 1986 837 vivis
2026 771 2187 836 esset
2220 773 2355 836 He-

825 875 1031 939 rodes
1070 871 1165 934 M.
1284 873 1375 933 At
1438 888 1575 952 qua
1659 871 1925 933 ratione
2015 866 2353 951 Christus,

828 989 1032 1055 quem
1067 986 1230 1031 aera
1290 963 1514 1029 nostra
1564 965 1999 1051 vulgariav.
2073 963 2149 1028 C.
2215 983 2349 1047 753

825 1078 1060 1130 natum
1105 1060 1326 1127 statuit
1356 1108 1376 1137 ,
1450 1060 1728 1125 Herode
1797 1061 2023 1125 adhuc
2077 1061 2355 1124 vivente

825 1161 1009 1227 nasci
1055 1161 1324 1245 potuit,
1378 1174 1579 1240 quem
1599 1159 1684 1221 V.
1720 1155 1796 1223 C.
1840 1158 1983 1239 730
2025 1156 2211 1220 diem
2228 1154 2353 1219 ob·

825 1257 1012 1323 iviss‘e
1071 1256 1284 1319 modo
1336 1250 1940 1319 demonstravimus
1976 1255 2008 1315 3
2158 1252 2353 1315 Vnde

829 1352 1167 1439 sequitur,
1220 1346 1548 1413 Christum
1613 1345 1759 1432 post
1835 1367 2089 1412 annum
2138 1350 2221 1412 V.
2274 1344 2350 1410 C.

832 1464 969 1535 749
1014 1446 1190 1511 nasci
1239 1463 1373 1508 non
1432 1443 1754 1529 potuiss'e,
1807 1456 1876 1507 et
1942 1463 2179 1511 aeram
2233 1461 2352 1505 no·

831 1547 1027 1612 stram
1066 1542 1297 1606 saitem
1344 1539 1536 1603 annis
1579 1540 1694 1602 lv.
1732 1539 1884 1625 plue
1947 1536 2117 1620 justo
2156 1557 2353 1623 prae·

711 1671 716 1675 ·
829 1655 1113 1709 vertere.
1214 1633 1688 1701 Sitne.Christi
1737 1635 2065 1701 nativitas
2134 1633 2349 1718 magis

824 1739 1049 1809 adhuc
1093 1732 1503 1799 retrahenda
1529 1778 1549 1807 ,
1603 1732 1789 1814 quod
1831 1730 2046 1813 aliqui
2093 1726 2349 1793 histori-

829 1838 965 1912 cis,
1018 1828 1653 1915 chronologicieque
1702 1827 2113 1910 argumentis
2165 1824 2352 1888 ducti

830 1929 1200 2003 senserunt,
1272 1940 1501 1985 meum
1593 1940 1732 1984 non
1817 1919 1905 1982 est
1970 1920 2353 2002 inquirere,

828 2024 1011 2111 quod
1043 2025 1113 2085 in
1151 2015 1497 2105 praesente
1539 2014 1836 2083 instituto
1870 2015 2354 2080 numismatica

832 2132 1097 2185 tantum
1142 2126 1540 2181 tractamus.

849 2246 1517 2385 -PJiILIPPVis'
1633 2303 2336 2375 TETRARCHA.

925 2502 1223 2569 Herodis
1272 2500 1374 2573 M.
1429 2511 1496 2567 et
1547 2497 1965 2586 Cleopatrae
2007 2498 2190 2563 filius
2234 2518 2357 2584 pa·

832 2605 952 2669 tris
995 2597 1392 2664 testamento
1433 2593 1947 2660 Gaulanitidem
1971 2642 1996 2673 ,
2046 2595 2354 2660 Tracho-

833 2700 1159 2776 nitidem‚
1210 2694 1635 2770 Bataneam,
1686 2705 1757 2757 et
1817 2693 2195 2757 Paniadem
2237 2691 2355 2755 ab·

833 2795 1031 2861 stulit.
1086 2789 1150 2872 ⁸)
1251 2790 1331 2854 In
1373 2789 1706 2853 honorem
1739 2788 2016 2874 Augusti
2042 2788 2356 2852 Caesare·

829 2913 941 2958 am
980 2891 1073 2953 a'd
1109 2887 1443 2961 Panium,
1513 2904 1690 2967 quae
1758 2897 1824 2947 et
1890 2905 1934 2947 a
2003 2884 2357 2950 conditore

828 2989 1126 3076 Cushrea
1187 2982 1465 3064 Philippi
1534 2979 1722 3044 dicta
1796 2977 1927 3057 est,
2007 2978 2354 3043 aedificat.

831 3086 953 3148 Vir
993 3080 1386 3145 moderatus
1434 3074 1781 3158 quietique
1842 3076 2129 3161 ingenii,
2184 3085 2254 3136 et
2287 3075 2359 3136 in

831 3183 976 3264 jure
993 3173 1287 3248 dicundo
1306 3169 1633 3246 assiduus,
1641 3167 1992 3254 postquam
2015 3171 2192 3232 XXX
2207 3170 2355 3234 v11.

837 3290 1051 3340 annos
1092 3266 1502 3335 tetrarchiae
1543 3263 1882 3350 praefuit,
1935 3278 2241 3329 mortuus
2270 3263 2360 3329 est

833 3376 921 3440 V.
980 3368 1060 3434 C.
1101 3378 1235 3448 787
1276 3365 1360 3430 P.
1399 3362 1483 3424 X.
1537 3374 1662 3444 34.
1815 3362 2131 3426 Vacuam
2215 3365 2356 3446 ejus

839 3478 1057 3533 morte
1118 3461 1486 3537 ditionem,
1560 3459 1748 3541 quod
1804 3457 2113 3543 prolibus
2171 3477 2361 3521 care-

837 3573 982 3642 ret,
1034 3559 1352 3626 Tiberius
1427 3554 1829 3642 provinciae
1877 3553 2125 3638 Syriae
2171 3553 2358 3619 attri

832 3661 1004 3725 buit.
1055 3645 1122 3740 1’)

1450 3844 1767 3912 Numi:

941 4037 1422 4106 ΚΑΙΣΑΡΟΣ.
1445 4037 1962 4104 ΣΕΒΑΣΤοτ.
2008 4033 2363 4122 capuan·

831 4139 1000 4224 gusti
1023 4138 1394 4224 laureatum.
1443 4136 1680 4208 aecmA
1731 4170 1756 4184 ο
1807 4170 1830 4184 -
1883 4169 1905 4183 ·
1957 4132 2361 4197 TETPAP·

839 4238 1046 4301 ΧΟΤ.
1163 4232 1472 4317 Templum
1518 4252 1567 4312 4
1638 4230 2060 4295 coium
2096 4274 2116 4306 ,
2192 4230 2361 4291 inter

1434 4325 1578 4392 AE.
1623 4325 1750 4391 111.
1818 4322 2089 4410 (Pa-el
2136 4322 2361 4388 Catal.

1743 4471 1759 4486 .
1841 4423 1988 4487 Ar.
2088 4421 2232 4483 ΑΕ.
2271 4420 2359 4485 11.

914 4638 970 4706 a)
1009 4633 1118 4689 Ios.
1159 4622 1287 4702 Ant.
1324 4633 1389 4688 L.
1429 4625 1618 4687 xvn.
1657 4649 1703 4684 c.
1738 4641 1789 4694 8.
1827 4633 1859 4703 ς
1902 4651 1948 4687 ι.

2018 4630 2079 4700 b)
2115 4629 2217 4685 ποι
2254 4631 2388 4684 Ant.
2424 4631 2489 4684 L.
2527 4630 2746 4688 xvm.
2785 4647 2830 4683 ο.
2866 4644 2918 4694 4.
2956 4632 2987 4700 ς
3023 4633 3075 4683 σ.

1419 570 1784 649 Rvml
1873 568 2630 648 PRINCIPVM
2745 560 3386 649 IVDAEAE‘.

2443 769 2727 856 (Maffei
2762 772 2995 857 Antiq.
3030 768 3211 845 Gau.
3248 770 3437 858 epist.
3504 789 3619 837 υ.
3679 792 3840 861 pag.
3874 796 3946 841 m.

2448 890 2473 931 ι
2501 865 2643 949 12.)

2536 962 2833 1027 Humum
2887 965 3258 1031 excitatis
3324 964 3615 1029 alterum
3675 986 3829 1030 cum
3880 968 3946 1031 1..

2441 1060 2581 1124 ΛΓ.
2626 1060 2843 1123 edidit
2876 1062 3091 1123 etiam
3150 1058 3371 1124 abban
3418 1062 3741 1125 Fontenu
3776 1066 3948 1126 addi-

2440 1164 2514 1218 to
2567 1157 2843 1221 erudito
2872 1157 3392 1220 commentario.
3443 1155 3506 1235 Β)
3606 1157 3860 1222 Statuit
3882 1163 3954 1230 is,

2442 1269 2597 1315 cum
2626 1270 2789 1338 pars
2820 1252 3050 1317 antica
3080 1252 3226 1316 vivi
3259 1253 3484 1316 adhuc
3522 1253 3801 1338 Augusti
3827 1254 3950 1317 effi-

2441 1347 2623 1433 giem
2660 1346 2909 1412 offerat
2940 1395 2961 1426 ,
3040 1367 3293 1413 annum
3342 1351 3461 1412 ΛΓ
3527 1347 3781 1412 referri
3837 1371 3955 1415 non

2441 1442 2625 1528 pofl'e
2656 1444 2748 1507 ad
2783 1444 3220 1510 indicandum
3253 1462 3502 1507 annum
3527 1446 3953 1511 tetrarchiae.

2440 1538 2621 1602 Nam
2660 1558 2796 1623 quo
2819 1552 3127 1624 tempore
3164 1538 3492 1624 Augustus
3529 1539 3750 1617 obiit,
3804 1562 3949 1605 non·

2443 1632 2563 1697 rrifi
2602 1654 2839 1703 annus·
2864 1635 3077 1699 XVII.
3115 1635 3524 1699 tetrarchiae
3567 1635 3873 1724 Philippi
3892 1661 3955 1702 a·

2442 1730 2749 1815 gebatur.
2853 1730 3145 1812 conjicit
3180 1731 3419 1818 igitur,
3472 1751 3736 1795 annum
3790 1738 3955 1800 numi

2445 1828 2564 1890 ΛΓ
2598 1828 2893 1911 pendere
2926 1826 3016 1893 ab
3057 1844 3220 1891 aera
3244 1828 3636 1891 Actiacain
3676 1832 3957 1911 ejusdem

2442 1921 2716 2008 Augusti
2748 1923 3081 1988 honorem
3114 1921 3446 1999 instituta,
3529 1936 3603 1988 et
3658 1945 3708 1988 a
3768 1927 3957 2013 pluri-

2448 2015 2576 2080 bue
2618 2018 2859 2102 Syriae
2900 2018 3180 2083 urbibus
3211 2032 3532 2104 recepta,
3606 2025 3802 2103 cujus
3854 2026 3960 2087 ini·

2444 2115 2617 2177 tium
2656 2133 2809 2178 cum
2846 2114 2921 2178 fit
2954 2135 3168 2178 annus
3204 2116 3286 2177 V.
3319 2112 3395 2179 C.
3444 2132 3579 2199 723
3606 2163 3630 2194 ‚
3688 2138 3961 2207 appare·

2444 2229 2518 2272 re
2544 2256 2564 2286 ‚
2614 2230 2863 2279 annum
2902 2214 3023 2274 ΛΓ
3053 2210 3341 2297 coepiss‘e
3382 2213 3463 2273 V.
3494 2210 3572 2277 C.
3616 2233 3807 2297 755,
3856 2218 3963 2299 qm·

2446 2303 2583 2368 fuit
2616 2326 2827 2370 mus
2880 2310 2959 2370 V.
2998 2307 3322 2392 Philippi.
3422 2308 3619 2370 Haec
3673 2312 3962 2374 eruditu

2450 2400 2716 2479 abbas.
2764 2422 3001 2465 verum
3034 2402 3190 2465 satia
3246 2416 3584 2488 apparet,
3686 2426 3843 2469 cum
3888 2406 3966 2473 fic

2444 2496 2793 2583 scripserat
2821 2545 2842 2577 ,
2893 2499 3195 2564 nondum
3256 2498 3357 2565 illi
3396 2496 3588 2563 fuiss'e
3630 2504 3966 2588 cognitum
4098 2550 4099 2581 Υ

2448 2613 2726 2658 numum
2759 2595 3022 2659 Panelii
3060 2613 3213 2657 curn
3246 2594 3327 2658 L.
3368 2598 3470 2663 Κς
3500 2643 3520 2674 ,
3574 2598 3699 2681 qui
3737 2600 3967 2663 ductus

2448 2688 2540 2755 ab
2583 2708 2748 2754 aera
2779 2691 3068 2756 Actiaca
3100 2689 3299 2755 inibit
3334 2691 3402 2756 in
3452 2704 3799 2758 autumno
3820 2710 3972 2779 749,

2448 2808 2687 2851 verum
2724 2799 2875 2851 toto
2914 2787 3049 2852 hoc
3088 2801 3396 2873 tempore
3458 2792 3788 2873 regnavit
3863 2793 3969 2855 ad·

2447 2882 2582 2948 huc
2618 2884 3180 2968 paterHerodeS.
3282 2884 3417 2947 Vix
3458 2885 3672 2969 igitur
3712 2887 3972 2950 dubita-

2386 3033 2397 3040 .
2449 2981 2505 3043 ri
2552 2975 2771 3063 potest
2804 3025 2824 3055 ‚
2895 2997 3109 3042 annos
3141 2979 3281 3044 hie--
3321 2981 3545 3042 numis
3622 2981 3973 3067 inscriptos

2452 3075 2581 3139 ess‘e
2616 3093 2834 3138 annon
2883 3075 3330 3153 tetrarchiae,
3398 3076 3785 3164 praecipue
3830 3099 3973 3142 cun

2447 3172 2807 3235 videamus
2833 3218 2853 3249 ‚
2906 3173 2976 3234 in
3008 3173 3309 3234 omnium
3376 3171 3682 3235 aliorum
3744 3175 3975 3238 Iudae·

2451 3287 2534 3332 ae
2594 3268 2978 3353 principum
3044 3269 3265 3331 numia
3336 3288 3555 3334 annos
3622 3269 3979 3358 inscriptos
4100 3289 4102 3360 ζ

2451 3365 2712 3448 semper
2762 3363 2852 3426 ab
2920 3382 3154 3428 eorum
3212 3365 3603 3449 principatu
3664 3369 3985 3450 pendere,

2452 3458 2644 3528 Nihil
2686 3477 2851 3522 vero
2900 3457 3123 3536 obest,
3176 3473 3385 3546 caput
3441 3459 3729 3544 Augusti
3798 3483 3985 3548 prae-

2454 3555 2633 3619 ferre
2662 3556 2958 3619 viventis
2988 3556 3274 3640 speciem
3313 3553 3498 3618 nullo
3520 3557 3814 3638 adjecto
3833 3578 3988 3621 con.

2453 3651 2844 3722 sectationis
2884 3651 3065 3714 cultu
3092 3697 3110 3727 ‚
3162 3671 3322 3715 narn
3365 3650 3765 3716 videbimus
3812 3655 3993 3720 infra

2457 3745 2770 3833 copiosos
2806 3746 3187 3832 Vespafiani
3245 3759 3311 3809 et
3359 3748 3505 3810 Titi
3554 3766 3818 3813 numos
3856 3751 3995 3837 post

2459 3863 2696 3908 eorum
2739 3845 2999 3907 obitum
3037 3842 3152 3906 sub
3196 3845 3508 3930 Agrippa
3542 3843 3635 3905 11.
3692 3844 3995 3934 signator

2458 3940 2663 4018 nullo⁸
2694 3940 3220 4004 consecrationis
3254 3941 3534 4005 indicio.

2560 4032 2733 4099 Cum
2758 4053 2920 4121 pare
2963 4035 3251 4101 adversa
3282 4034 3455 4101 fistat
3503 4052 3719 4124 caput
3760 4047 3998 4128 Augu·

2458 4131 2555 4210 sti,
2580 4131 2971 4196 verilimiie
3001 4129 3090 4193 est
3128 4136 3769 4221 etiam,temp1um
3810 4160 4002 4202 aver-

2457 4229 2567 4296 sae
2614 4228 2741 4306 eiije
2774 4227 2947 4291 illud
2975 4226 3217 4311 ipsum,
3267 4231 3451 4312 quod
3483 4229 3648 4296 teste
3696 4234 4001 4320 Iosepho

2460 4326 2771 4390 Heroden
2805 4335 3003 4409 pater
3028 4327 3225 4405 juxta
3257 4323 3525 4410 specum
3556 4328 3873 4395 Panium
3934 4331 4001 4392 i-

2458 4418 2731 4507 Augusti
2768 4419 3107 4483 honorem
3130 4417 3417 4485 struxit.

3145 4631 3519 4698 c)13.1..hin.
3554 4635 3967 4708 T.V.p.2ro.
