4125 5500
746 539 886 606 332

722 714 961 789 sacra,
1013 708 1194 788 Soli,
1252 723 1326 774 ut
1367 711 1698 777 continuo
1745 710 2044 791 dictum,
2110 711 2245 775 Lu-

1830 473 2758 595 conL'ESYMA.

2341 710 2427 774 rii
2457 707 2537 773 F.
2572 708 2663 774 ab
2699 707 3003 775 Arcadia
3035 706 3107 771 in
3140 705 3417 791 Syriam
3444 711 3733 793 veniens
3769 732 3874 775 nt-

723 829 854 872 nae
876 855 895 885 ‚
948 826 1123 892 quae
1159 804 1290 870 fuit
1331 808 1574 871 eadem
1608 826 1762 871 cum
1803 807 2103 884 Hecate,
2138 807 2251 871 vel
2342 806 2503 871 bem
2529 805 2628 869 sui
2657 807 2950 877 nominis
2987 804 3310 869 condidit.
3390 805 3509 871 Sin
3539 804 3714 870 istud
3736 828 3876 871 cre·

720 904 1128 990 Proserpina
1148 950 1168 980 ,
1203 904 1405 988 idque
1433 906 1606 988 quia,
1625 903 1773 967 Diti
1802 903 2060 969 sacram
2090 923 2248 989 pro·

720 999 1073 1065 nunciavit
1104 999 1390 1064 Plinius.

812 1093 1062 1161 Silenus
1104 1096 1287 1184 stans
1334 1106 1607 1183 propter
1659 1092 2000 1185 cupa-efflam
2046 1104 2249 1160 utrm

726 1189 979 1257 humero
1009 1193 1257 1279 gestans
1275 1240 1294 1270 ,
1332 1195 1520 1257 etiam
1543 1197 1719 1256 intra
1742 1192 2053 1276 templum.
2109 1192 2240 1254 Fu-

719 1289 773 1370 it
809 1288 921 1352 hic
941 1284 1200 1353 deaster
1227 1287 1492 1355 solitum
1513 1287 1940 1352 coloniarum
1968 1308 2240 1365 numen,

719 1397 796 1448 ut
833 1385 1094 1448 dicetur
1125 1386 1191 1448 in
1220 1396 1518 1450 tractatu
1548 1386 1635 1449 de
1667 1384 1909 1448 harum
1946 1386 2191 1469 nuruis.

818 1480 1104 1547 Bacchus
1116 1483 1299 1566 stans
1333 1485 1498 1547 inter
1521 1480 1680 1547 duos
1701 1480 1994 1566 palmites
2016 1528 2034 1558 ,
2071 1482 2240 1543 Tre

718 1578 1020 1642 boniani.
1078 1577 1347 1661 (Vaill.)
1402 1576 1749 1640 Bacchum
1775 1575 1948 1641 vites
1974 1596 2095 1661 per
2121 1575 2243 1664 Sy·

719 1675 893 1754 riam
928 1672 1296 1758 plantass'e‚
1328 1686 1403 1738 at
1418 1674 1820 1759 impeditum
1843 1672 2243 1736 aDamasco

719 1770 1092 1854 quopiam,
1142 1791 1186 1832 a
1218 1790 1353 1852 quo
1386 1770 1535 1833 urbi
1566 1789 1857 1847 nomen,
1895 1768 2247 1835 fabulatur

723 1866 1134 1951 Stephanus.
1185 1864 1288 1950 (in
1323 1863 1770 1950 Damasco.)

725 2000 732 2005 ·
822 1961 1020 2027 Cerva
1033 1982 1230 2046 puero
1247 1961 1443 2028 ubera
1448 1959 1778 2046 praebens
1829 1959 2244 2025 Vaillantius

719 2058 979 2123 animal
1016 2058 1183 2122 illud
1219 2059 1471 2125 damam
1501 2058 1710 2134 dixit,
1749 2056 1938 2147 quod
1961 2055 2102 2120 fere
2131 2076 2240 2119 eo·

722 2156 880 2217 dem
918 2154 1197 2236 recidit,
1250 2168 1458 2239 atque
1488 2175 1532 2216 a
1575 2152 1764 2218 dama
1803 2152 1946 2216 fors
1985 2152 2241 2217 Dama·

723 2252 904 2336 scum
951 2204 1488 2336 appellationem
1541 2249 1837 2313 trahere.
1936 2252 2028 2313 At
2076 2267 2241 2310 vero

718 2346 1039 2411 Damasci
1092 2365 1341 2433 nomen
1393 2344 1726 2409 Graecum
1770 2365 1908 2409 non
1947 2340 2077 2421 est,
2129 2343 2246 2406 sed

718 2440 1176 2528 pervetustum
1208 2443 1669 2519 Hebraicum‚
1723 2461 1878 2505 cum
1922 2442 1993 2504 in
2036 2439 2243 2503 sacris

719 2534 934 2601 [iteris
982 2541 1126 2621 jam
1173 2540 1440 2602 dicatur
1497 2542 1733 2643 ΡΨΕἿ
1819 2537 2000 2620 Quid
2055 2536 2245 2621 quod

722 2633 912 2702 dama
952 2634 1236 2699 verbum
1276 2633 1614 2700 Graecum
1640 2655 1775 2699 non
1813 2630 1958 2721 est„
1992 2645 2060 2696 et
2098 2650 2242 2695 ver-

720 2722 884 2797 bum
922 2729 1147 2797 adfine
1177 2732 1432 2820 δκμκλη
1475 2754 1611 2804 non
1647 2732 1936 2820 dmm,
1983 2730 2099 2794 sed
2138 2726 2243 2796 bu·

722 2832 971 2909 culam,
1021 2831 1284 2894 vitulum
1330 2828 1688 2916 fignificat,
1742 2829 2054 2916 adeoque
2106 2826 2245 2890 Da·

725 2923 985 3014 mascus
1048 2946 1184 2989 non
1241 2926 1474 3011 potuit·
1519 2943 1768 2989 nomen
1831 2925 2104 3000 trahere
2158 2921 2248 2985 ab

721 3023 1010 3089 animali
1044 3023 1112 3084 in
1147 3041 1353 3083 numo
1391 3019 1684 3107 signate,
1738 3021 1925 3103 quod
1965 3018 2249 3103 disparis

725 3128 1016 3181 naturae
1052 3113 1141 3178 est
1178 3115 1311 3191 illi,
1364 3117 1552 3200 quod
1586 3115 1770 3178 urbis
1817 3134 2067 3178 nomeu
2115 3115 2250 3178 elo·

726 3214 977 3296 quitur.
1080 3211 1238 3274 Dici
1270 3211 1518 3296 poss'et,
1572 3212 1860 3276 Latinos
1901 3210 2087 3275 urhis
2141 3229 2251 3274 co·

727 3308 925 3390 lenos
962 3310 1098 3374 hoc
1143 3321 1315 3393 typo
1364 3308 1609 3371 damae
1647 3304 1761 3371 vel
1806 3326 2053 3371 cervae
2103 3307 2252 3372 usos

726 3425 814 3484 ea
845 3404 1061 3469 solum
1107 3406 1202 3469 de.
1233 3405 1482 3483 causa,
1536 3417 1608 3468 ut
1642 3405 1733 3467 ad
1772 3403 1956 3468 urbis
2001 3424 2252 3467 nomen

723 3502 1149 3590 adluderent.
1248 3506 1505 3568 Verum
1552 3521 1759 3565 cerva
1790 3504 1936 3584 jam
1979 3498 2252 3586 fingitur

724 3600 794 3660 in
833 3611 1207 3662 autonomo
1238 3598 1732 3675 Pellerinian0‚
1786 3609 1852 3660 et
1887 3598 2028 3660 alio
2065 3597 2252 3681 apud

728 3691 1108 3780 Not-isium,
1138 3694 1201 3776 ⁸)
1243 3695 1358 3780 qui
1389 3692 1816 3764 coloniarum
1837 3693 2058 3756 numis
2082 3694 2248 3757 mul·

728 3802 800 3853 to
822 3788 966 3852 sunt
986 3791 1272 3876 priores,
1326 3787 1436 3852 Est
1453 3781 1611 3876 ergo
1629 3790 2007 3875 argumenti
2036 3785 2249 3853 Grae·

731 3886 817 3949 ci.
921 3884 1068 3947 Iam
1115 3905 1280 3951 vero
1325 3885 1637 3950 videmus
1680 3887 1969 3950 eundem
2000 3905 2247 3950 cervae

725 3981 1031 4067 puellum
1089 3981 1405 4046 lactantis
1446 3994 1688 4070 typum
1732 3983 1801 4045 in
1848 3984 2069 4048 numia
2114 3982 2247 4047 Te·

723 4098 894 4164 geae
929 4078 1306 4157 Arcadiae,
1360 4097 1560 4163 quem
1608 4079 1906 4142 diximus
1945 4080 2075 4143 esse
2113 4078 2249 4142 Te·

725 4174 1064 4262 lephum,
1135 4177 1219 4239 de
1278 4179 1466 4258 cujus
1500 4171 1740 4238 fabula
1791 4163 2075 4240 constat.
2179 4175 2248 4240 Si

727 4273 1040 4336 audimus
1072 4271 1535 4356 Stephanum,
1569 4271 1946 4336 Damascus
1981 4274 2247 4335 Mercu·

2340 904 2562 967 ditum
2594 921 2837 966 revera
2881 900 3015 965 fuit
3059 900 3503 966 Damascenis
3540 899 3873 983 Graecis,

2339 1017 2628 1085 pronum
2674 996 2764 1061 est
2814 999 3122 1087 opinari,
3202 1017 3322 1061 eos
3379 999 3662 1083 majoris
3714 999 3872 1064 suae

2334 1097 2604 1181 patriae
2630 1091 2833 1159 facta
2854 1090 3224 1171 domestica
3257 1095 3329 1157 in
3354 1096 3577 1171 numia
3610 1116 3866 1182 propo·

2334 1190 2543 1281 suilse.
2665 1188 2852 1274 Quid
2900 1191 3090 1274 quod
3140 1188 3613 1275 Cyparissum,
3683 1197 3872 1304 cuiue

2334 1270 2739 1351 memoriam
2775 1285 3191 1352 Damasceni
3228 1285 3497 1375 signata
3520 1292 3594 1357 in
3622 1290 3874 1367 numia,

2335 1394 2411 1446 ut
2464 1383 2650 1461 dixi,
2718 1383 3020 1468 cupress'o
3074 1383 3311 1469 aliquo
3356 1387 3571 1449 modo
3616 1385 3875 1451 conser-

2336 1491 2621 1556 varunt,
2674 1482 2975 1558 ejusdem
3032 1480 3329 1567 Telephi
3374 1479 3594 1546 filium
3654 1480 3874 1547 faciat

2342 1573 2643 1639 Servius.
2674 1563 2751 1659 b)

2434 1674 2736 1739 11HrA1.
2786 1673 3064 1759 Specus,
3118 1676 3189 1739 in
3220 1696 3341 1763 quo
3361 1649 3607 1760 flavius
3638 1676 3867 1743 derum·—

2336 1766 2529 1848 ἶνας,
2578 1768 2949 1848 Otaciliae.
3004 1771 3282 1856 (Vaill.)
3331 1774 3581 1859 Typus
3608 1772 3743 1851 est,
3794 1786 3865 1837 ut

2254 1882 2265 1891 ·
2336 1864 2407 1926 in
2471 1866 2691 1929 numis
2762 1865 3029 1933 Latinis
3112 1868 3490 1954 inscriptis.
3586 1871 3863 1952 AQVA.

2337 1959 2404 2024 T
2407 1959 2775 2025 RAlANA.
2828 1964 3133 2033 Verbum
3156 1967 3431 2031 ΠΗΓΔῙ
3445 1966 3671 2052 fontes
3702 1968 3863 2030 mdi-

2336 2069 2472 2120 cat.
2622 2055 2789 2119 Fuit
2842 2057 3220 2125 Damascus
3284 2060 3413 2136 sita
3449 2064 3541 2127 ad
3586 2062 3871 2127 fluvium

2338 2150 2893 2236 Chrysorhoam,
2936 2155 3049 2219 sed
3089 2160 3206 2239 qui
3243 2156 3532 2223 aliorum
3568 2158 3867 2225 fontium

2334 2248 2725 2312 accessione
2767 2251 2953 2314 vires
3008 2256 3328 2337 accepim
3398 2274 3549 2327 nain
3599 2267 3669 2318 et
3718 2254 3867 2319 bini

2340 2363 2575 2409 amnes
2615 2347 2803 2431 apud
2834 2347 3251 2413 Damascum
3286 2370 3467 2414 aevo
3498 2349 3867 2416 remetissi.-

2337 2459 2452 2502 mo
2476 2443 2545 2503 in
2564 2440 2769 2505 sacris
2798 2442 3015 2507 literis
3035 2460 3553 2519 memorantur.
3569 2446 3630 2530 e)
3690 2448 3865 2512 Non-

2334 2555 2410 2599 m
2451 2537 2734 2602 meliores
2765 2539 2922 2625 sm
2948 2540 3257 2607 Amanah
3288 2554 3351 2606 et
3395 2545 3661 2631 Par-pm·
3680 2545 3871 2628 fluvia

2335 2632 2641 2719 Damasci
2646 2626 2944 2702 ona-ibus
2968 2639 3157 2723 aquis
3172 2638 3461 2724 Uraeh’s.
3449 2641 3483 2688 2
3532 2642 3767 2726 Quare
3802 2653 3867 2702 et

2335 2728 2645 2794 innume
2692 2730 3017 2797 Herennii
3058 2735 3245 2821 apud
3291 2736 3733 2804 Pelles-iniunt
3780 2738 3871 2800 in.

2336 2824 2451 2890 fra
2497 2826 2851 2892 mulierem
2897 2829 3237 2898 sedentem
3299 2834 3437 2897 duo
3478 2835 3631 2902 suut
3690 2832 3871 2898 fluvii

2342 2935 2785 3008 emergentes.
2809 2915 2867 2999 d)
2918 2926 3073 2990 Huc
3098 2925 3317 2992 distuli
3334 2931 3868 3015 explicationem

2342 3020 2531 3083 numi
2580 3015 2828 3092 Graeci
2857 3040 3010 3084 cum
3044 3025 3271 3110 capite
3310 3026 3637 3108 Macrini,
3668 3047 3869 3112 quem

2346 3115 2561 3177 edidit
2624 3115 3053 3187 PelleriniuS.
3090 3116 3150 3203 Β)
3262 3123 3344 3186 In
3394 3122 3532 3187 hoc
3604 3125 3869 3211 fingitur

2343 3230 2557 3288 mons,
2608 3232 2688 3275 ex
2739 3232 2859 3298 quo
2914 3215 3035 3278 duo
3071 3215 3259 3298 fluvii
3299 3217 3645 3286 decurrunt
3660 3270 3684 3306 ,
3734 3223 3871 3306 qni·

2344 3326 2462 3392 que
2501 3305 2591 3371 ad
2632 3309 2764 3389 eius
2792 3310 3008 3393 pedem
3039 3311 3331 3378 videntur
3365 3318 3431 3378 in
3468 3337 3659 3382 unum
3690 3320 3867 3382 coire

2344 3401 2726 3466 Secundum
2756 3395 2940 3471 hunc
2957 3427 3235 3484 numum
3274 3411 3759 3477 Ptolemaeus.
3800 3433 3877 3477 esc

2343 3498 2869 3587 Damascenorum
2878 3503 3436 3592 montibus-fluvias
3451 3507 3875 3597 C'brgforkoas

2344 3596 2709 3681 appellatus.
2810 3599 3038 3664 Fluvii
3084 3601 3158 3665 hi
3201 3603 3273 3682 in
3302 3603 3529 3690 plures
3564 3606 3728 3669 secti
3770 3626 3876 3671 ca·

2344 3691 2535 3755 nales
2565 3705 2630 3755 et
2650 3690 3075 3762 fertilitatem
3097 3718 3265 3785 agro
3296 3700 3735 3766 Damascene
3757 3703 3869 3766 sin-

2345 3787 2649 3873 gularem
2675 3837 2695 3868 ,
2750 3803 2818 3854 et
2864 3795 3356 3872 jucunditatem
3398 3799 3877 3864 conciliavere.

2347 3883 2576 3967 Quare
2615 3886 2915 3952 Iulianus
2952 3891 3022 3953 in
3058 3889 3347 3974 laudata
3379 3893 3666 3978 epistola
3701 3897 3878 3958 inter

2346 3979 2610 4066 reliqua
2650 3986 2966 4050 encomia
3001 4005 3157 4050 eum
3192 3992 3631 4058 commendat
3660 3994 3873 4056 etiam

2347 4098 2392 4140 a
2445 4095 2652 4159 πηγωι
2690 4072 2925 4163 ἁγλαϊᾳ
2966 4104 3073 4149 και
3116 4102 3417 4168 ποταμωκ
3445 4090 3714 4169 nausa,
3764 4109 3873 4152 και

2345 4193 2489 4258 νης
2514 4175 2816 4258 flumem,
2851 4179 3141 4265 sontium
3186 4184 3598 4278 emunitate,
3632 4186 3872 4271 flamo-

2342 4291 2485 4335 rum
2523 4291 2821 4354 nunnero,
2863 4288 2922 4341 et
2949 4289 3157 4343 terrae
3189 4265 3771 4345 uber'tate.1ure
3752 4283 3880 4368 igi·

808 4521 1006 4589 a)Ep.
1044 4518 1258 4588 Syl-om.
1296 4538 1349 4593 p.
1391 4531 1476 4587 73.

739 4590 1048 4659 &Lernae
1085 4606 1140 4659 p.
1178 4607 1228 4660 9
1319 4615 1326 4620 ·

1669 4521 1726 4591 b>
1766 4514 1841 4569 ad
1879 4514 2031 4569 Aen.
2075 4523 2181 4576 ul.
2216 4526 2335 4587 680.

2533 4527 2583 4592 e)
2621 4527 2759 4600 neg.
2797 4529 2899 4584 IV.
2935 4547 2991 4582 c.·
3013 4549 3069 4600 5.
3261 4530 3327 4596 d»)-
3358 4532 3488 4593 Rec,
3530 4535 3601 4586 11.
3640 4551 3697 4604 p.
3740 4535 3879 4591 vn.
