<?xml version="1.0" encoding="UTF-8"?>
<!DOCTYPE html PUBLIC "-//W3C//DTD XHTML 1.0 Transitional//EN"
    "http://www.w3.org/TR/xhtml1/DTD/xhtml1-transitional.dtd">
<html xmlns="http://www.w3.org/1999/xhtml" xml:lang="en" lang="en">
 <head>
  <title>
</title>
<meta http-equiv="Content-Type" content="text/html;charset=utf-8" />
  <meta name='ocr-system' content='tesseract 3.04.00' />
  <meta name='ocr-capabilities' content='ocr_page ocr_carea ocr_par ocr_line ocrx_word'/>
</head>
<body>
  <div class='ocr_page' id='page_1' title='image "./doctrinanumorum10unkngoog_0063.png"; bbox 0 0 4125 5500; ppageno 0'>
   <div class='ocr_carea' id='block_1_1' title="bbox 1566 525 2146 615">
    <p class='ocr_par' dir='ltr' id='par_1_1' title="bbox 1566 525 2146 615">
     <span class='ocr_line' id='line_1_1' title="bbox 1566 525 2146 615; baseline -0.007 -3"><span class='ocrx_word' id='word_1_1' title='bbox 1566 525 2146 615; x_wconf 67' lang='lat' dir='ltr'>CILICIAJ³</span> 
     </span>
    </p>
   </div>
   <div class='ocr_carea' id='block_1_2' title="bbox 250 730 1796 1021">
    <p class='ocr_par' dir='ltr' id='par_1_2' title="bbox 250 730 1796 1021">
     <span class='ocr_line' id='line_1_2' title="bbox 273 730 1794 825; baseline -0.003 -18"><span class='ocrx_word' id='word_1_2' title='bbox 273 730 505 808; x_wconf 81' lang='lat' dir='ltr'><strong>dictae</strong></span> <span class='ocrx_word' id='word_1_3' title='bbox 553 734 925 819; x_wconf 72' lang='lat' dir='ltr'>Seleuciae,</span> <span class='ocrx_word' id='word_1_4' title='bbox 977 744 1052 807; x_wconf 88' lang='lat' dir='ltr'><strong>ut</strong></span> <span class='ocrx_word' id='word_1_5' title='bbox 1083 736 1260 804; x_wconf 86' lang='lat' dir='ltr'><strong>adeo</strong></span> <span class='ocrx_word' id='word_1_6' title='bbox 1309 736 1577 825; x_wconf 85' lang='lat' dir='ltr'><strong>utrique</strong></span> <span class='ocrx_word' id='word_1_7' title='bbox 1624 738 1794 805; x_wconf 82' lang='lat' dir='ltr'><strong>vici·</strong></span> 
     </span>
     <span class='ocr_line' id='line_1_3' title="bbox 250 836 1796 921; baseline -0.003 -16"><span class='ocrx_word' id='word_1_8' title='bbox 250 857 406 905; x_wconf 60' lang='lat' dir='ltr'><strong>mae</strong></span> <span class='ocrx_word' id='word_1_9' title='bbox 439 839 592 904; x_wconf 86' lang='lat' dir='ltr'><strong>urbi</strong></span> <span class='ocrx_word' id='word_1_10' title='bbox 629 852 819 905; x_wconf 82' lang='lat' dir='ltr'><strong>certa</strong></span> <span class='ocrx_word' id='word_1_11' title='bbox 863 838 1241 905; x_wconf 84' lang='lat' dir='ltr'><strong>communis</strong></span> <span class='ocrx_word' id='word_1_12' title='bbox 1281 838 1433 921; x_wconf 85' lang='lat' dir='ltr'><strong>typi</strong></span> <span class='ocrx_word' id='word_1_13' title='bbox 1472 837 1653 903; x_wconf 91' lang='lat' dir='ltr'><strong>ratio</strong></span> <span class='ocrx_word' id='word_1_14' title='bbox 1694 836 1796 900; x_wconf 83' lang='lat' dir='ltr'><strong>vi·</strong></span> 
     </span>
     <span class='ocr_line' id='line_1_4' title="bbox 271 932 1795 1021; baseline -0.005 -18"><span class='ocrx_word' id='word_1_15' title='bbox 271 939 518 1003; x_wconf 83' lang='lat' dir='ltr'><strong>deatur</strong></span> <span class='ocrx_word' id='word_1_16' title='bbox 568 935 760 1000; x_wconf 80' lang='lat' dir='ltr'><strong>fuiss&#39;e</strong></span> <span class='ocrx_word' id='word_1_17' title='bbox 810 934 1180 1021; x_wconf 82' lang='lat' dir='ltr'><strong>propofita.</strong></span> <span class='ocrx_word' id='word_1_18' title='bbox 1280 935 1523 998; x_wconf 88' lang='lat' dir='ltr'><strong>Acrius</strong></span> <span class='ocrx_word' id='word_1_19' title='bbox 1575 936 1631 998; x_wconf 99' lang='lat' dir='ltr'><strong>F</strong></span> <span class='ocrx_word' id='word_1_20' title='bbox 1636 932 1795 997; x_wconf 75' lang='lat' dir='ltr'><strong>riili-</strong></span> 
     </span>
    </p>
   </div>
   <div class='ocr_carea' id='block_1_3' title="bbox 269 1032 1796 1117">
    <p class='ocr_par' dir='ltr' id='par_1_3' title="bbox 269 1032 1796 1117">
     <span class='ocr_line' id='line_1_5' title="bbox 269 1032 1796 1117; baseline -0.003 -20"><span class='ocrx_word' id='word_1_21' title='bbox 269 1034 502 1097; x_wconf 86' lang='lat' dir='ltr'><strong>chium</strong></span> <span class='ocrx_word' id='word_1_22' title='bbox 545 1044 756 1097; x_wconf 85' lang='lat' dir='ltr'><strong>vexat</strong></span> <span class='ocrx_word' id='word_1_23' title='bbox 795 1032 1181 1117; x_wconf 83' lang='lat' dir='ltr'><strong>praefixum</strong></span> <span class='ocrx_word' id='word_1_24' title='bbox 1221 1034 1406 1107; x_wconf 85' lang='lat' dir='ltr'><strong>OA.‚</strong></span> <span class='ocrx_word' id='word_1_25' title='bbox 1461 1032 1621 1094; x_wconf 84' lang='lat' dir='ltr'><strong>dum</strong></span> <span class='ocrx_word' id='word_1_26' title='bbox 1679 1032 1796 1093; x_wconf 86' lang='lat' dir='ltr'><strong>de·</strong></span> 
     </span>
    </p>
   </div>
   <div class='ocr_carea' id='block_1_4' title="bbox 264 1125 1797 1309">
    <p class='ocr_par' dir='ltr' id='par_1_4' title="bbox 264 1125 1797 1309">
     <span class='ocr_line' id='line_1_6' title="bbox 265 1125 1797 1215; baseline -0.004 -21"><span class='ocrx_word' id='word_1_27' title='bbox 265 1150 457 1194; x_wconf 73' lang='lat' dir='ltr'><strong>mum</strong></span> <span class='ocrx_word' id='word_1_28' title='bbox 509 1127 812 1215; x_wconf 72' lang='lat' dir='ltr'><strong>expensis</strong></span> <span class='ocrx_word' id='word_1_29' title='bbox 862 1128 1181 1197; x_wconf 84' lang='lat' dir='ltr'><strong>omnibus</strong></span> <span class='ocrx_word' id='word_1_30' title='bbox 1221 1126 1459 1201; x_wconf 85' lang='lat' dir='ltr'><strong>mallet</strong></span> <span class='ocrx_word' id='word_1_31' title='bbox 1500 1125 1797 1192; x_wconf 86' lang='lat' dir='ltr'><strong>indicari</strong></span> 
     </span>
     <span class='ocr_line' id='line_1_7' title="bbox 264 1221 1797 1309; baseline -0.004 -19"><span class='ocrx_word' id='word_1_32' title='bbox 264 1227 713 1291; x_wconf 82' lang='lat' dir='ltr'><strong>concordiam</strong></span> <span class='ocrx_word' id='word_1_33' title='bbox 772 1242 940 1291; x_wconf 88' lang='lat' dir='ltr'><strong>cum</strong></span> <span class='ocrx_word' id='word_1_34' title='bbox 978 1225 1164 1290; x_wconf 86' lang='lat' dir='ltr'><strong>Olba</strong></span> <span class='ocrx_word' id='word_1_35' title='bbox 1218 1224 1596 1309; x_wconf 81' lang='lat' dir='ltr'>Stephani,</span> <span class='ocrx_word' id='word_1_36' title='bbox 1676 1221 1797 1285; x_wconf 82' lang='lat' dir='ltr'><strong>vel</strong></span> 
     </span>
    </p>
   </div>
   <div class='ocr_carea' id='block_1_5' title="bbox 264 1319 1796 1481">
    <p class='ocr_par' dir='ltr' id='par_1_5' title="bbox 264 1319 1796 1481">
     <span class='ocr_line' id='line_1_8' title="bbox 264 1319 1796 1388; baseline -0.001 -1"><span class='ocrx_word' id='word_1_37' title='bbox 264 1322 526 1388; x_wconf 82' lang='lat' dir='ltr'>Olbasa</span> <span class='ocrx_word' id='word_1_38' title='bbox 574 1323 956 1388; x_wconf 78' lang='lat' dir='ltr'>Ptolemaei</span> <span class='ocrx_word' id='word_1_39' title='bbox 984 1322 1247 1387; x_wconf 88' lang='lat' dir='ltr'><strong>initam.</strong></span> <span class='ocrx_word' id='word_1_40' title='bbox 1348 1321 1578 1385; x_wconf 87' lang='lat' dir='ltr'><strong>Minus</strong></span> <span class='ocrx_word' id='word_1_41' title='bbox 1614 1319 1796 1386; x_wconf 81' lang='lat' dir='ltr'><strong>istud</strong></span> 
     </span>
     <span class='ocr_line' id='line_1_9' title="bbox 1015 1416 1793 1481; baseline -0.001 -1"><span class='ocrx_word' id='word_1_42' title='bbox 1015 1437 1168 1480; x_wconf 89' lang='lat' dir='ltr'><strong>cum</strong></span> <span class='ocrx_word' id='word_1_43' title='bbox 1193 1416 1432 1479; x_wconf 83' lang='lat' dir='ltr'><strong>saltem</strong></span> <span class='ocrx_word' id='word_1_44' title='bbox 1462 1436 1549 1480; x_wconf 84' lang='lat' dir='ltr'><strong>ex</strong></span> <span class='ocrx_word' id='word_1_45' title='bbox 1580 1435 1793 1481; x_wconf 89' lang='lat' dir='ltr'><strong>numo</strong></span> 
     </span>
    </p>
   </div>
   <div class='ocr_carea' id='block_1_6' title="bbox 264 1418 968 1494">
    <p class='ocr_par' dir='ltr' id='par_1_6' title="bbox 264 1418 968 1494">
     <span class='ocr_line' id='line_1_10' title="bbox 264 1418 968 1494; baseline -0.008 -8"><span class='ocrx_word' id='word_1_46' title='bbox 264 1421 539 1486; x_wconf 74' lang='lat' dir='ltr'><strong>videtur</strong></span> <span class='ocrx_word' id='word_1_47' title='bbox 565 1418 968 1494; x_wconf 81' lang='lat' dir='ltr'><strong>verifimile‚</strong></span> 
     </span>
    </p>
   </div>
   <div class='ocr_carea' id='block_1_7' title="bbox 3307 566 3402 629">
    <p class='ocr_par' dir='ltr' id='par_1_7' title="bbox 3307 566 3402 629">
     <span class='ocr_line' id='line_1_11' title="bbox 3307 566 3402 629; baseline 0.011 -1"><span class='ocrx_word' id='word_1_48' title='bbox 3307 566 3402 629; x_wconf 81' lang='lat'><strong>55</strong></span> 
     </span>
    </p>
   </div>
   <div class='ocr_carea' id='block_1_8' title="bbox 1880 723 3406 997">
    <p class='ocr_par' dir='ltr' id='par_1_8' title="bbox 1880 723 3406 997">
     <span class='ocr_line' id='line_1_12' title="bbox 1886 723 3401 825; baseline 0 -25"><span class='ocrx_word' id='word_1_49' title='bbox 1886 735 2100 803; x_wconf 81' lang='lat' dir='ltr'><strong>refert</strong></span> <span class='ocrx_word' id='word_1_50' title='bbox 2135 726 2229 799; x_wconf 86' lang='lat' dir='ltr'><strong>ad</strong></span> <span class='ocrx_word' id='word_1_51' title='bbox 2265 746 2520 799; x_wconf 81' lang='lat' dir='ltr'><strong>annum</strong></span> <span class='ocrx_word' id='word_1_52' title='bbox 2562 732 2647 801; x_wconf 80' lang='lat' dir='ltr'><strong>V.</strong></span> <span class='ocrx_word' id='word_1_53' title='bbox 2687 731 2766 806; x_wconf 84' lang='lat' dir='ltr'><strong>C.</strong></span> <span class='ocrx_word' id='word_1_54' title='bbox 2815 738 2970 822; x_wconf 86' lang='lat'><strong>623.</strong></span> <span class='ocrx_word' id='word_1_55' title='bbox 2997 785 3019 818; x_wconf 91' lang='lat'><strong>‚</strong></span> <span class='ocrx_word' id='word_1_56' title='bbox 3074 723 3209 825; x_wconf 60' lang='lat' dir='ltr'><strong>fluo</strong></span> <span class='ocrx_word' id='word_1_57' title='bbox 3240 734 3401 801; x_wconf 83' lang='lat' dir='ltr'><strong>Cili-</strong></span> 
     </span>
     <span class='ocr_line' id='line_1_13' title="bbox 1885 832 3406 926; baseline 0 -28"><span class='ocrx_word' id='word_1_58' title='bbox 1885 833 1996 898; x_wconf 79' lang='lat' dir='ltr'><strong>cia</strong></span> <span class='ocrx_word' id='word_1_59' title='bbox 2031 854 2079 899; x_wconf 86' lang='lat' dir='ltr'><strong>a</strong></span> <span class='ocrx_word' id='word_1_60' title='bbox 2109 832 2344 897; x_wconf 82' lang='lat' dir='ltr'><strong>senatu</strong></span> <span class='ocrx_word' id='word_1_61' title='bbox 2385 834 2468 894; x_wconf 75' lang='lat' dir='ltr'><strong>R.</strong></span> <span class='ocrx_word' id='word_1_62' title='bbox 2515 833 2686 897; x_wconf 84' lang='lat' dir='ltr'><strong>data</strong></span> <span class='ocrx_word' id='word_1_63' title='bbox 2721 832 2812 896; x_wconf 84' lang='lat' dir='ltr'><strong>est</strong></span> <span class='ocrx_word' id='word_1_64' title='bbox 2836 836 3108 920; x_wconf 81' lang='lat' dir='ltr'><strong>regibus</strong></span> <span class='ocrx_word' id='word_1_65' title='bbox 3133 835 3406 926; x_wconf 68' lang='lat' dir='ltr'><strong>Cappa-⁸</strong></span> 
     </span>
     <span class='ocr_line' id='line_1_14' title="bbox 1880 927 2824 997; baseline -0.001 -2"><span class='ocrx_word' id='word_1_66' title='bbox 1880 932 2132 997; x_wconf 82' lang='lat' dir='ltr'><strong>dociae</strong></span> <span class='ocrx_word' id='word_1_67' title='bbox 2170 927 2510 993; x_wconf 80' lang='lat' dir='ltr'><strong>referente</strong></span> <span class='ocrx_word' id='word_1_68' title='bbox 2544 929 2582 993; x_wconf 90' lang='lat' dir='ltr'><strong>J</strong></span> <span class='ocrx_word' id='word_1_69' title='bbox 2587 927 2824 994; x_wconf 72' lang='lat' dir='ltr'><strong>astino,</strong></span> 
     </span>
    </p>
   </div>
   <div class='ocr_carea' id='block_1_9' title="bbox 1901 1024 3271 1333">
    <p class='ocr_par' dir='ltr' id='par_1_9' title="bbox 1901 1024 3271 1333">
     <span class='ocr_line' id='line_1_15' title="bbox 1901 1024 2450 1096; baseline -0.015 0"><span class='ocrx_word' id='word_1_70' title='bbox 1901 1030 1907 1035; x_wconf 91' lang='lat'>·</span> <span class='ocrx_word' id='word_1_71' title='bbox 1982 1028 2135 1096; x_wconf 58' lang='lat' dir='ltr'><strong>aa</strong></span> <span class='ocrx_word' id='word_1_72' title='bbox 2176 1024 2450 1093; x_wconf 88' lang='grc'><strong><em>3333.</em></strong></span> 
     </span>
     <span class='ocr_line' id='line_1_16' title="bbox 1986 1198 3271 1333; baseline 0.002 -44.024"><span class='ocrx_word' id='word_1_73' title='bbox 1986 1198 3271 1333; x_wconf 65' lang='lat' dir='ltr'><em>ELE&#39;VTHEROCILICES.</em></span> 
     </span>
    </p>
   </div>
   <div class='ocr_carea' id='block_1_10' title="bbox 1976 1413 3402 1504">
    <p class='ocr_par' dir='ltr' id='par_1_10' title="bbox 1976 1413 3402 1504">
     <span class='ocr_line' id='line_1_17' title="bbox 1976 1413 3402 1504; baseline 0.006 -27"><span class='ocrx_word' id='word_1_74' title='bbox 1976 1413 2871 1504; x_wconf 71' lang='grc' dir='ltr'><strong>ΕΛΕΥΘΕΡΟΚΙΛΙΚΩΝ.</strong></span> <span class='ocrx_word' id='word_1_75' title='bbox 2921 1417 3183 1483; x_wconf 88' lang='grc' dir='ltr'><strong>ΠΡΟΣ.</strong></span> <span class='ocrx_word' id='word_1_76' title='bbox 3213 1414 3402 1485; x_wconf 81' lang='lat' dir='ltr'><strong>Tm.</strong></span> 
     </span>
    </p>
   </div>
   <div class='ocr_carea' id='block_1_11' title="bbox 258 1482 3405 1696">
    <p class='ocr_par' dir='ltr' id='par_1_11' title="bbox 258 1482 3405 1696">
     <span class='ocr_line' id='line_1_18' title="bbox 260 1482 3405 1624; baseline -0.002 -42"><span class='ocrx_word' id='word_1_77' title='bbox 260 1517 527 1583; x_wconf 87' lang='lat' dir='ltr'><strong>nullum</strong></span> <span class='ocrx_word' id='word_1_78' title='bbox 585 1527 925 1601; x_wconf 81' lang='lat' dir='ltr'><strong>appareat</strong></span> <span class='ocrx_word' id='word_1_79' title='bbox 970 1513 1385 1624; x_wconf 76' lang='lat' dir='ltr'><strong>concordiae</strong></span> <span class='ocrx_word' id='word_1_80' title='bbox 1437 1513 1787 1581; x_wconf 82' lang='lat' dir='ltr'><strong>indicium.</strong></span> <span class='ocrx_word' id='word_1_81' title='bbox 1874 1482 2298 1573; x_wconf 74' lang='lat' dir='ltr'><strong>rrrPAMm.</strong></span> <span class='ocrx_word' id='word_1_82' title='bbox 2395 1511 2505 1575; x_wconf 90' lang='lat' dir='ltr'><strong>De</strong></span> <span class='ocrx_word' id='word_1_83' title='bbox 2549 1509 2686 1575; x_wconf 89' lang='lat' dir='ltr'><strong>hoc</strong></span> <span class='ocrx_word' id='word_1_84' title='bbox 2717 1531 2927 1575; x_wconf 91' lang='lat' dir='ltr'><strong>numo</strong></span> <span class='ocrx_word' id='word_1_85' title='bbox 2965 1514 3168 1591; x_wconf 81' lang='lat' dir='ltr'><strong>vide,</strong></span> <span class='ocrx_word' id='word_1_86' title='bbox 3221 1532 3405 1596; x_wconf 84' lang='lat' dir='ltr'><strong>quae</strong></span> 
     </span>
     <span class='ocr_line' id='line_1_19' title="bbox 258 1602 3402 1696; baseline -0.001 -15"><span class='ocrx_word' id='word_1_87' title='bbox 258 1611 470 1681; x_wconf 78' lang='lat' dir='ltr'><strong>Abest</strong></span> <span class='ocrx_word' id='word_1_88' title='bbox 526 1614 735 1678; x_wconf 87' lang='lat' dir='ltr'><strong>enim</strong></span> <span class='ocrx_word' id='word_1_89' title='bbox 764 1604 1187 1675; x_wconf 78' lang='lat' dir='ltr'><strong>vocabulum</strong></span> <span class='ocrx_word' id='word_1_90' title='bbox 1240 1602 1524 1691; x_wconf 71' lang='grc' dir='ltr'><strong>ὁμονοια,</strong></span> <span class='ocrx_word' id='word_1_91' title='bbox 1603 1607 1789 1674; x_wconf 82' lang='lat' dir='ltr'><strong>abest</strong></span> <span class='ocrx_word' id='word_1_92' title='bbox 1876 1605 2122 1669; x_wconf 86' lang='lat' dir='ltr'><strong>dicturi</strong></span> <span class='ocrx_word' id='word_1_93' title='bbox 2152 1604 2376 1672; x_wconf 81' lang='lat' dir='ltr'><strong>sumus</strong></span> <span class='ocrx_word' id='word_1_94' title='bbox 2410 1609 2486 1677; x_wconf 85' lang='lat' dir='ltr'><strong>in.</strong></span> <span class='ocrx_word' id='word_1_95' title='bbox 2519 1609 2743 1675; x_wconf 72' lang='lat' dir='ltr'><strong>numis</strong></span> <span class='ocrx_word' id='word_1_96' title='bbox 2784 1607 3053 1677; x_wconf 84' lang='lat' dir='ltr'><strong>Seleuci</strong></span> <span class='ocrx_word' id='word_1_97' title='bbox 3086 1611 3205 1674; x_wconf 91' lang='lat' dir='ltr'><strong>v1.</strong></span> <span class='ocrx_word' id='word_1_98' title='bbox 3275 1610 3402 1696; x_wconf 67' lang='lat' dir='ltr'><strong>Sy·</strong></span> 
     </span>
    </p>
   </div>
   <div class='ocr_carea' id='block_1_12' title="bbox 263 1700 2273 1793">
    <p class='ocr_par' dir='ltr' id='par_1_12' title="bbox 263 1700 2273 1793">
     <span class='ocr_line' id='line_1_20' title="bbox 263 1700 2273 1793; baseline -0.002 -18"><span class='ocrx_word' id='word_1_99' title='bbox 263 1710 524 1793; x_wconf 79' lang='lat' dir='ltr'><strong>duplex</strong></span> <span class='ocrx_word' id='word_1_100' title='bbox 552 1716 809 1793; x_wconf 47' lang='lat' dir='ltr'><strong>typum</strong></span> <span class='ocrx_word' id='word_1_101' title='bbox 864 1719 935 1775; x_wconf 78' lang='lat' dir='ltr'><strong>et</strong></span> <span class='ocrx_word' id='word_1_102' title='bbox 968 1707 1411 1783; x_wconf 77' lang='lat' dir='ltr'><strong>concordiam</strong></span> <span class='ocrx_word' id='word_1_103' title='bbox 1445 1725 1599 1771; x_wconf 87' lang='lat' dir='ltr'><strong>cnm</strong></span> <span class='ocrx_word' id='word_1_104' title='bbox 1629 1705 1787 1771; x_wconf 87' lang='lat' dir='ltr'><strong>aliis</strong></span> <span class='ocrx_word' id='word_1_105' title='bbox 1873 1700 2020 1770; x_wconf 76' lang='lat' dir='ltr'><strong>riae</strong></span> <span class='ocrx_word' id='word_1_106' title='bbox 2065 1702 2273 1791; x_wconf 78' lang='lat' dir='ltr'><strong>regis.</strong></span> 
     </span>
    </p>
   </div>
   <div class='ocr_carea' id='block_1_13' title="bbox 261 1800 1855 1883">
    <p class='ocr_par' dir='ltr' id='par_1_13' title="bbox 261 1800 1855 1883">
     <span class='ocr_line' id='line_1_21' title="bbox 261 1800 1855 1883; baseline -0.001 -14"><span class='ocrx_word' id='word_1_107' title='bbox 261 1804 551 1869; x_wconf 83' lang='lat' dir='ltr'><strong>urbibus</strong></span> <span class='ocrx_word' id='word_1_108' title='bbox 582 1803 841 1867; x_wconf 78' lang='lat' dir='ltr'><strong>inivifl&#39;e</strong></span> <span class='ocrx_word' id='word_1_109' title='bbox 860 1800 1146 1880; x_wconf 79' lang='lat' dir='ltr'><strong>Cilices,</strong></span> <span class='ocrx_word' id='word_1_110' title='bbox 1197 1801 1445 1881; x_wconf 83' lang='lat' dir='ltr'><strong>saltem</strong></span> <span class='ocrx_word' id='word_1_111' title='bbox 1439 1821 1536 1865; x_wconf 80' lang='lat' dir='ltr'><strong>ex</strong></span> <span class='ocrx_word' id='word_1_112' title='bbox 1559 1803 1788 1868; x_wconf 66' lang='lat' dir='ltr'><strong>numia</strong></span> <span class='ocrx_word' id='word_1_113' title='bbox 1846 1874 1855 1883; x_wconf 50' lang='lat'>‚</span> 
     </span>
    </p>
   </div>
   <div class='ocr_carea' id='block_1_14' title="bbox 260 1895 1782 2077">
    <p class='ocr_par' dir='ltr' id='par_1_14' title="bbox 260 1895 1753 2077">
     <span class='ocr_line' id='line_1_22' title="bbox 260 1895 955 1967; baseline -0.013 0"><span class='ocrx_word' id='word_1_114' title='bbox 260 1901 468 1967; x_wconf 83' lang='lat' dir='ltr'><strong>certis</strong></span> <span class='ocrx_word' id='word_1_115' title='bbox 505 1918 644 1965; x_wconf 90' lang='lat' dir='ltr'><strong>non</strong></span> <span class='ocrx_word' id='word_1_116' title='bbox 678 1895 955 1962; x_wconf 80' lang='lat' dir='ltr'><strong>constat.</strong></span> 
     </span>
     <span class='ocr_line' id='line_1_23' title="bbox 353 1994 1782 2077; baseline -0.001 -16"><span class='ocrx_word' id='word_1_117' title='bbox 353 1997 517 2061; x_wconf 83' lang='lat' dir='ltr'><strong>Alia</strong></span> <span class='ocrx_word' id='word_1_118' title='bbox 552 1994 851 2060; x_wconf 89' lang='lat' dir='ltr'><strong>occurrit</strong></span> <span class='ocrx_word' id='word_1_119' title='bbox 896 1994 1328 2074; x_wconf 84' lang='lat' dir='ltr'><strong>conjectura,</strong></span> <span class='ocrx_word' id='word_1_120' title='bbox 1387 2012 1595 2077; x_wconf 86' lang='lat' dir='ltr'><strong>quam</strong></span> <span class='ocrx_word' id='word_1_121' title='bbox 1633 2015 1782 2059; x_wconf 88' lang='lat' dir='ltr'><strong>eru·</strong></span> 
     </span>
    </p>
   </div>
   <div class='ocr_carea' id='block_1_15' title="bbox 228 2088 1779 4342">
    <p class='ocr_par' dir='ltr' id='par_1_15' title="bbox 228 2088 1779 4296">
     <span class='ocr_line' id='line_1_24' title="bbox 258 2088 1778 2177; baseline -0.002 -19"><span class='ocrx_word' id='word_1_122' title='bbox 258 2095 561 2158; x_wconf 77' lang='lat' dir='ltr'><strong>diturum</strong></span> <span class='ocrx_word' id='word_1_123' title='bbox 616 2092 731 2159; x_wconf 79' lang='lat' dir='ltr'><strong>hic</strong></span> <span class='ocrx_word' id='word_1_124' title='bbox 775 2088 1062 2167; x_wconf 70' lang='lat' dir='ltr'><strong>arbitrio</strong></span> <span class='ocrx_word' id='word_1_125' title='bbox 1109 2088 1321 2153; x_wconf 82' lang='lat' dir='ltr'><strong>liceat</strong></span> <span class='ocrx_word' id='word_1_126' title='bbox 1366 2110 1778 2177; x_wconf 82' lang='lat' dir='ltr'><strong>proponere.</strong></span> 
     </span>
     <span class='ocr_line' id='line_1_25' title="bbox 236 2184 1779 2263; baseline 0.002 -16"><span class='ocrx_word' id='word_1_127' title='bbox 236 2191 360 2259; x_wconf 76' lang='lat' dir='ltr'><strong>,Ex</strong></span> <span class='ocrx_word' id='word_1_128' title='bbox 393 2190 593 2257; x_wconf 80' lang='lat' dir='ltr'><strong>Plinii</strong></span> <span class='ocrx_word' id='word_1_129' title='bbox 635 2184 1013 2255; x_wconf 76' lang='lat' dir='ltr'><strong>testimonio</strong></span> <span class='ocrx_word' id='word_1_130' title='bbox 1055 2190 1109 2263; x_wconf 77' lang='lat'><strong>²)</strong></span> <span class='ocrx_word' id='word_1_131' title='bbox 1187 2186 1431 2251; x_wconf 86' lang='lat' dir='ltr'><strong>Doron</strong></span> <span class='ocrx_word' id='word_1_132' title='bbox 1474 2188 1779 2253; x_wconf 87' lang='lat' dir='ltr'><strong>vicinum</strong></span> 
     </span>
     <span class='ocr_line' id='line_1_26' title="bbox 252 2280 1777 2371; baseline -0.002 -19"><span class='ocrx_word' id='word_1_133' title='bbox 252 2284 390 2355; x_wconf 81' lang='lat' dir='ltr'><strong>fuit</strong></span> <span class='ocrx_word' id='word_1_134' title='bbox 444 2286 631 2365; x_wconf 84' lang='lat' dir='ltr'><strong>urbi,</strong></span> <span class='ocrx_word' id='word_1_135' title='bbox 683 2303 895 2371; x_wconf 86' lang='lat' dir='ltr'><strong>quam</strong></span> <span class='ocrx_word' id='word_1_136' title='bbox 941 2280 1239 2359; x_wconf 78' lang='lat' dir='ltr'><strong>Holmoe,</strong></span> <span class='ocrx_word' id='word_1_137' title='bbox 1291 2296 1360 2347; x_wconf 89' lang='lat' dir='ltr'><strong>et</strong></span> <span class='ocrx_word' id='word_1_138' title='bbox 1395 2304 1560 2349; x_wconf 78' lang='lat' dir='ltr'><strong>mox</strong></span> <span class='ocrx_word' id='word_1_139' title='bbox 1590 2283 1777 2349; x_wconf 86' lang='lat' dir='ltr'><strong>infra</strong></span> 
     </span>
     <span class='ocr_line' id='line_1_27' title="bbox 250 2378 1775 2466; baseline -0.005 -14"><span class='ocrx_word' id='word_1_140' title='bbox 250 2386 513 2453; x_wconf 63' lang='lat' dir='ltr'><strong>Hom</strong></span> <span class='ocrx_word' id='word_1_141' title='bbox 546 2394 793 2458; x_wconf 83' lang='lat' dir='ltr'><strong>vocat,</strong></span> <span class='ocrx_word' id='word_1_142' title='bbox 846 2378 1131 2445; x_wconf 78' lang='lat' dir='ltr'><strong>adfitam</strong></span> <span class='ocrx_word' id='word_1_143' title='bbox 1163 2380 1379 2460; x_wconf 86' lang='lat' dir='ltr'><strong>mari,</strong></span> <span class='ocrx_word' id='word_1_144' title='bbox 1430 2401 1775 2466; x_wconf 85' lang='lat' dir='ltr'><strong>quamque</strong></span> 
     </span>
     <span class='ocr_line' id='line_1_28' title="bbox 232 2475 1773 2561; baseline -0.002 -16"><span class='ocrx_word' id='word_1_145' title='bbox 232 2494 464 2546; x_wconf 61' lang='lat' dir='ltr'><strong>antea</strong></span> <span class='ocrx_word' id='word_1_146' title='bbox 495 2480 843 2546; x_wconf 68' lang='lat' dir='ltr'><strong>incoluere</strong></span> <span class='ocrx_word' id='word_1_147' title='bbox 880 2475 1350 2554; x_wconf 81' lang='lat' dir='ltr'><strong>Seleucenses,</strong></span> <span class='ocrx_word' id='word_1_148' title='bbox 1402 2490 1773 2561; x_wconf 82' lang='lat' dir='ltr'><strong>antequam</strong></span> 
     </span>
     <span class='ocr_line' id='line_1_29' title="bbox 250 2571 1771 2658; baseline -0.005 -15"><span class='ocrx_word' id='word_1_149' title='bbox 250 2576 635 2645; x_wconf 80' lang='lat' dir='ltr'><strong>Seleuciam</strong></span> <span class='ocrx_word' id='word_1_150' title='bbox 671 2577 765 2647; x_wconf 85' lang='lat' dir='ltr'><strong>ad</strong></span> <span class='ocrx_word' id='word_1_151' title='bbox 806 2571 1283 2658; x_wconf 76' lang='lat' dir='ltr'><strong>Calycadnum</strong></span> <span class='ocrx_word' id='word_1_152' title='bbox 1322 2592 1366 2634; x_wconf 94' lang='lat' dir='ltr'><strong>a</strong></span> <span class='ocrx_word' id='word_1_153' title='bbox 1394 2573 1571 2635; x_wconf 89' lang='lat' dir='ltr'><strong>mari</strong></span> <span class='ocrx_word' id='word_1_154' title='bbox 1605 2592 1771 2635; x_wconf 87' lang='lat' dir='ltr'><strong>non-</strong></span> 
     </span>
     <span class='ocr_line' id='line_1_30' title="bbox 250 2663 1772 2752; baseline -0.005 -15"><span class='ocrx_word' id='word_1_155' title='bbox 250 2674 444 2741; x_wconf 84' lang='lat' dir='ltr'><strong>nihil</strong></span> <span class='ocrx_word' id='word_1_156' title='bbox 468 2674 912 2738; x_wconf 83' lang='lat' dir='ltr'><strong>remotiorem</strong></span> <span class='ocrx_word' id='word_1_157' title='bbox 958 2668 1368 2752; x_wconf 80' lang='lat' dir='ltr'><strong>migrarent,</strong></span> <span class='ocrx_word' id='word_1_158' title='bbox 1420 2679 1494 2729; x_wconf 89' lang='lat' dir='ltr'><strong>ut</strong></span> <span class='ocrx_word' id='word_1_159' title='bbox 1533 2663 1772 2729; x_wconf 79' lang='lat' dir='ltr'><strong>testan-</strong></span> 
     </span>
     <span class='ocr_line' id='line_1_31' title="bbox 248 2760 1779 2847; baseline -0.006 -14"><span class='ocrx_word' id='word_1_160' title='bbox 248 2783 361 2833; x_wconf 83' lang='lat' dir='ltr'><strong>tur</strong></span> <span class='ocrx_word' id='word_1_161' title='bbox 396 2770 697 2845; x_wconf 80' lang='lat' dir='ltr'><strong>Plinius,</strong></span> <span class='ocrx_word' id='word_1_162' title='bbox 748 2764 1038 2841; x_wconf 79' lang='lat' dir='ltr'><strong>Strabo,</strong></span> <span class='ocrx_word' id='word_1_163' title='bbox 1095 2760 1500 2847; x_wconf 84' lang='lat' dir='ltr'><strong>Stephanus.</strong></span> <span class='ocrx_word' id='word_1_164' title='bbox 1564 2763 1779 2825; x_wconf 83' lang='lat' dir='ltr'><strong>Forte</strong></span> 
     </span>
     <span class='ocr_line' id='line_1_32' title="bbox 249 2855 1773 2939; baseline -0.008 -9"><span class='ocrx_word' id='word_1_165' title='bbox 249 2863 500 2930; x_wconf 90' lang='lat' dir='ltr'><strong>Doron</strong></span> <span class='ocrx_word' id='word_1_166' title='bbox 548 2866 622 2926; x_wconf 89' lang='lat' dir='ltr'><strong>in</strong></span> <span class='ocrx_word' id='word_1_167' title='bbox 665 2858 1134 2924; x_wconf 79' lang='lat' dir='ltr'><strong>Holmenlium</strong></span> <span class='ocrx_word' id='word_1_168' title='bbox 1169 2876 1335 2939; x_wconf 89' lang='lat' dir='ltr'><strong>agro</strong></span> <span class='ocrx_word' id='word_1_169' title='bbox 1377 2857 1567 2920; x_wconf 85' lang='lat' dir='ltr'><strong>fitum</strong></span> <span class='ocrx_word' id='word_1_170' title='bbox 1616 2855 1773 2936; x_wconf 82' lang='lat' dir='ltr'><strong>fuit,</strong></span> 
     </span>
     <span class='ocr_line' id='line_1_33' title="bbox 248 2950 1769 3043; baseline -0.007 -18"><span class='ocrx_word' id='word_1_171' title='bbox 248 2973 460 3043; x_wconf 75' lang='lat' dir='ltr'><strong>atque</strong></span> <span class='ocrx_word' id='word_1_172' title='bbox 521 2971 597 3020; x_wconf 89' lang='lat' dir='ltr'><strong>ut</strong></span> <span class='ocrx_word' id='word_1_173' title='bbox 634 2955 766 3017; x_wconf 67' lang='lat' dir='ltr'><strong>refe</strong></span> <span class='ocrx_word' id='word_1_174' title='bbox 804 2954 899 3017; x_wconf 83' lang='lat' dir='ltr'><strong>ab</strong></span> <span class='ocrx_word' id='word_1_175' title='bbox 952 2952 1109 3030; x_wconf 71' lang='lat' dir='ltr'><strong>aliis</strong></span> <span class='ocrx_word' id='word_1_176' title='bbox 1138 2950 1433 3014; x_wconf 79' lang='lat' dir='ltr'><strong>urbibus</strong></span> <span class='ocrx_word' id='word_1_177' title='bbox 1493 2954 1769 3016; x_wconf 85' lang='lat' dir='ltr'><strong>nomine</strong></span> 
     </span>
     <span class='ocr_line' id='line_1_34' title="bbox 245 3046 1767 3135; baseline -0.008 -13"><span class='ocrx_word' id='word_1_178' title='bbox 245 3055 463 3123; x_wconf 87' lang='lat' dir='ltr'><strong>adfini</strong></span> <span class='ocrx_word' id='word_1_179' title='bbox 504 3049 972 3135; x_wconf 85' lang='lat' dir='ltr'><strong>distingueret,</strong></span> <span class='ocrx_word' id='word_1_180' title='bbox 1026 3046 1215 3128; x_wconf 79' lang='lat' dir='ltr'><strong>agri,</strong></span> <span class='ocrx_word' id='word_1_181' title='bbox 1268 3047 1339 3107; x_wconf 92' lang='lat' dir='ltr'><strong>in</strong></span> <span class='ocrx_word' id='word_1_182' title='bbox 1394 3066 1528 3129; x_wconf 92' lang='lat' dir='ltr'><strong>quo</strong></span> <span class='ocrx_word' id='word_1_183' title='bbox 1578 3047 1767 3110; x_wconf 82' lang='lat' dir='ltr'><strong>[itum</strong></span> 
     </span>
     <span class='ocr_line' id='line_1_35' title="bbox 245 3141 1767 3229; baseline -0.007 -10"><span class='ocrx_word' id='word_1_184' title='bbox 245 3165 439 3229; x_wconf 85' lang='lat' dir='ltr'><strong>erat,</strong></span> <span class='ocrx_word' id='word_1_185' title='bbox 516 3147 937 3212; x_wconf 82' lang='lat' dir='ltr'><strong>mentionem</strong></span> <span class='ocrx_word' id='word_1_186' title='bbox 1002 3141 1313 3219; x_wconf 86' lang='lat' dir='ltr'><strong>addidit,</strong></span> <span class='ocrx_word' id='word_1_187' title='bbox 1383 3141 1767 3228; x_wconf 74' lang='lat' dir='ltr'><strong>scripsitque</strong></span> 
     </span>
     <span class='ocr_line' id='line_1_36' title="bbox 240 3238 1766 3316; baseline -0.005 -2"><span class='ocrx_word' id='word_1_188' title='bbox 240 3251 470 3316; x_wconf 81' lang='lat' dir='ltr'><strong>adeo:</strong></span> <span class='ocrx_word' id='word_1_189' title='bbox 547 3248 687 3309; x_wconf 85' lang='lat' dir='ltr'><strong>OA.</strong></span> <span class='ocrx_word' id='word_1_190' title='bbox 732 3239 1159 3306; x_wconf 79' lang='grc' dir='ltr'><strong>ΔωΡΕωΝ.</strong></span> <span class='ocrx_word' id='word_1_191' title='bbox 1258 3238 1467 3302; x_wconf 84' lang='lat' dir='ltr'><strong>Forte</strong></span> <span class='ocrx_word' id='word_1_192' title='bbox 1506 3258 1766 3306; x_wconf 80' lang='lat' dir='ltr'><strong>vacuos</strong></span> 
     </span>
     <span class='ocr_line' id='line_1_37' title="bbox 239 3334 1763 3422; baseline -0.016 -11"><span class='ocrx_word' id='word_1_193' title='bbox 239 3339 736 3411; x_wconf 80' lang='lat' dir='ltr'><strong>Seleucenlium</strong></span> <span class='ocrx_word' id='word_1_194' title='bbox 808 3334 1086 3400; x_wconf 70' lang='lat' dir='ltr'><strong>discell&#39;u⁴</strong></span> <span class='ocrx_word' id='word_1_195' title='bbox 1130 3334 1422 3420; x_wconf 82' lang='lat' dir='ltr'><strong>Holmos</strong></span> <span class='ocrx_word' id='word_1_196' title='bbox 1475 3353 1763 3422; x_wconf 72' lang='lat' dir='ltr'><strong>occupa.</strong></span> 
     </span>
     <span class='ocr_line' id='line_1_38' title="bbox 236 3423 1765 3516; baseline -0.005 -11"><span class='ocrx_word' id='word_1_197' title='bbox 236 3460 409 3506; x_wconf 79' lang='lat' dir='ltr'><strong>vere</strong></span> <span class='ocrx_word' id='word_1_198' title='bbox 450 3440 716 3513; x_wconf 74' lang='lat' dir='ltr'><strong>Dore5‚</strong></span> <span class='ocrx_word' id='word_1_199' title='bbox 788 3452 961 3516; x_wconf 86' lang='lat' dir='ltr'><strong>quos</strong></span> <span class='ocrx_word' id='word_1_200' title='bbox 1022 3449 1177 3493; x_wconf 89' lang='lat' dir='ltr'><strong>cum</strong></span> <span class='ocrx_word' id='word_1_201' title='bbox 1223 3423 1548 3511; x_wconf 78' lang='lat' dir='ltr'><strong>aliunde,</strong></span> <span class='ocrx_word' id='word_1_202' title='bbox 1618 3445 1765 3497; x_wconf 88' lang='lat' dir='ltr'><strong>tum</strong></span> 
     </span>
     <span class='ocr_line' id='line_1_39' title="bbox 236 3525 1762 3607; baseline -0.009 -1"><span class='ocrx_word' id='word_1_203' title='bbox 236 3536 639 3606; x_wconf 73' lang='lat' dir='ltr'><strong>adem-atius</strong></span> <span class='ocrx_word' id='word_1_204' title='bbox 676 3525 1177 3606; x_wconf 57' lang='lat' dir='ltr'><strong>0px‚strabone</strong></span> <span class='ocrx_word' id='word_1_205' title='bbox 1242 3525 1543 3607; x_wconf 81' lang='lat' dir='ltr'><strong>constat,</strong></span> <span class='ocrx_word' id='word_1_206' title='bbox 1594 3529 1762 3592; x_wconf 83' lang='lat' dir='ltr'><strong>mul·</strong></span> 
     </span>
     <span class='ocr_line' id='line_1_40' title="bbox 234 3621 1759 3718; baseline -0.008 -18"><span class='ocrx_word' id='word_1_207' title='bbox 234 3651 387 3710; x_wconf 80' lang='lat' dir='ltr'><strong>tum</strong></span> <span class='ocrx_word' id='word_1_208' title='bbox 421 3650 543 3718; x_wconf 85' lang='lat' dir='ltr'><strong>per</strong></span> <span class='ocrx_word' id='word_1_209' title='bbox 570 3626 805 3708; x_wconf 67' lang='lat' dir='ltr'><strong>Aliam</strong></span> <span class='ocrx_word' id='word_1_210' title='bbox 842 3626 1179 3690; x_wconf 88' lang='lat' dir='ltr'><strong>minorem</strong></span> <span class='ocrx_word' id='word_1_211' title='bbox 1216 3621 1408 3687; x_wconf 83' lang='lat' dir='ltr'><strong>fuiss&#39;e</strong></span> <span class='ocrx_word' id='word_1_212' title='bbox 1440 3625 1759 3714; x_wconf 59' lang='lat' dir='ltr'><strong>vagatos,</strong></span> 
     </span>
     <span class='ocr_line' id='line_1_41' title="bbox 235 3720 1759 3812; baseline -0.006 -17"><span class='ocrx_word' id='word_1_213' title='bbox 235 3728 615 3812; x_wconf 84' lang='lat' dir='ltr'><strong>urbemque</strong></span> <span class='ocrx_word' id='word_1_214' title='bbox 656 3726 741 3787; x_wconf 91' lang='lat' dir='ltr'><strong>de</strong></span> <span class='ocrx_word' id='word_1_215' title='bbox 790 3722 854 3786; x_wconf 82' lang='lat' dir='ltr'><strong>se</strong></span> <span class='ocrx_word' id='word_1_216' title='bbox 896 3721 1142 3799; x_wconf 87' lang='lat' dir='ltr'><strong>Doron</strong></span> <span class='ocrx_word' id='word_1_217' title='bbox 1187 3720 1420 3785; x_wconf 85' lang='lat' dir='ltr'><strong>dixere</strong></span> <span class='ocrx_word' id='word_1_218' title='bbox 1447 3769 1466 3800; x_wconf 94' lang='lat'>‚</span> <span class='ocrx_word' id='word_1_219' title='bbox 1520 3724 1759 3787; x_wconf 90' lang='lat' dir='ltr'><strong>addito</strong></span> 
     </span>
     <span class='ocr_line' id='line_1_42' title="bbox 234 3816 1758 3904; baseline -0.006 -13"><span class='ocrx_word' id='word_1_220' title='bbox 234 3842 480 3898; x_wconf 81' lang='lat' dir='ltr'><strong>tamen</strong></span> <span class='ocrx_word' id='word_1_221' title='bbox 512 3824 584 3889; x_wconf 87' lang='lat' dir='ltr'><strong>in</strong></span> <span class='ocrx_word' id='word_1_222' title='bbox 620 3839 828 3886; x_wconf 88' lang='lat' dir='ltr'><strong>numo</strong></span> <span class='ocrx_word' id='word_1_223' title='bbox 848 3867 869 3897; x_wconf 91' lang='lat'>,</span> <span class='ocrx_word' id='word_1_224' title='bbox 921 3831 996 3882; x_wconf 88' lang='lat' dir='ltr'><strong>ut</strong></span> <span class='ocrx_word' id='word_1_225' title='bbox 1030 3818 1231 3904; x_wconf 81' lang='lat' dir='ltr'><strong>saepe</strong></span> <span class='ocrx_word' id='word_1_226' title='bbox 1264 3818 1439 3884; x_wconf 75' lang='lat' dir='ltr'><strong>alias</strong></span> <span class='ocrx_word' id='word_1_227' title='bbox 1472 3816 1758 3899; x_wconf 79' lang='lat' dir='ltr'><strong>factum,</strong></span> 
     </span>
     <span class='ocr_line' id='line_1_43' title="bbox 236 3909 1759 3996; baseline -0.003 -9"><span class='ocrx_word' id='word_1_228' title='bbox 236 3932 479 3989; x_wconf 80' lang='lat' dir='ltr'><strong>vetere</strong></span> <span class='ocrx_word' id='word_1_229' title='bbox 523 3916 712 3982; x_wconf 82' lang='lat' dir='ltr'><strong>urbis</strong></span> <span class='ocrx_word' id='word_1_230' title='bbox 760 3916 1076 3996; x_wconf 85' lang='lat' dir='ltr'><strong>nomine,</strong></span> <span class='ocrx_word' id='word_1_231' title='bbox 1126 3928 1203 3980; x_wconf 90' lang='lat' dir='ltr'><strong>ut</strong></span> <span class='ocrx_word' id='word_1_232' title='bbox 1238 3916 1417 3980; x_wconf 88' lang='lat' dir='ltr'><strong>adeo</strong></span> <span class='ocrx_word' id='word_1_233' title='bbox 1459 3909 1759 3982; x_wconf 86' lang='lat' dir='ltr'><strong>Holmoe</strong></span> 
     </span>
     <span class='ocr_line' id='line_1_44' title="bbox 228 4009 1755 4099; baseline 0.001 -25"><span class='ocrx_word' id='word_1_234' title='bbox 228 4033 317 4087; x_wconf 67' lang='lat' dir='ltr'><strong>‚et</strong></span> <span class='ocrx_word' id='word_1_235' title='bbox 340 4017 623 4091; x_wconf 81' lang='lat' dir='ltr'><strong>Dorou,</strong></span> <span class='ocrx_word' id='word_1_236' title='bbox 672 4013 845 4082; x_wconf 88' lang='lat' dir='ltr'><strong>inter</strong></span> <span class='ocrx_word' id='word_1_237' title='bbox 879 4033 1058 4097; x_wconf 88' lang='lat' dir='ltr'><strong>quae</strong></span> <span class='ocrx_word' id='word_1_238' title='bbox 1097 4012 1354 4077; x_wconf 85' lang='lat' dir='ltr'><strong>Plinius</strong></span> <span class='ocrx_word' id='word_1_239' title='bbox 1397 4009 1755 4099; x_wconf 85' lang='lat' dir='ltr'><strong>distinguit,</strong></span> 
     </span>
     <span class='ocr_line' id='line_1_45' title="bbox 230 4107 1760 4200; baseline -0.006 -16.917"><span class='ocrx_word' id='word_1_240' title='bbox 230 4113 470 4200; x_wconf 83' lang='lat' dir='ltr'><strong>reipsa</strong></span> <span class='ocrx_word' id='word_1_241' title='bbox 501 4128 641 4192; x_wconf 76' lang='lat' dir='ltr'><strong>nna</strong></span> <span class='ocrx_word' id='word_1_242' title='bbox 672 4110 1043 4195; x_wconf 80' lang='lat' dir='ltr'><strong>eademque</strong></span> <span class='ocrx_word' id='word_1_243' title='bbox 1081 4107 1242 4174; x_wconf 86' lang='lat' dir='ltr'><strong>urbs</strong></span> <span class='ocrx_word' id='word_1_244' title='bbox 1268 4108 1551 4175; x_wconf 82' lang='lat' dir='ltr'><strong>fuerint.</strong></span> <span class='ocrx_word' id='word_1_245' title='bbox 1622 4109 1760 4178; x_wconf 87' lang='lat' dir='ltr'><strong>Sed</strong></span> 
     </span>
     <span class='ocr_line' id='line_1_46' title="bbox 232 4181 1759 4342; baseline -0.003 -65.96"><span class='ocrx_word' id='word_1_246' title='bbox 232 4216 426 4282; x_wconf 80' lang='lat' dir='ltr'><strong>haec</strong></span> <span class='ocrx_word' id='word_1_247' title='bbox 480 4226 607 4296; x_wconf 89' lang='lat' dir='ltr'><strong>per</strong></span> <span class='ocrx_word' id='word_1_248' title='bbox 642 4202 859 4269; x_wconf 81' lang='lat' dir='ltr'><strong>solam</strong></span> <span class='ocrx_word' id='word_1_249' title='bbox 912 4181 1391 4342; x_wconf 78' lang='lat' dir='ltr'><strong>conjecturam</strong></span> <span class='ocrx_word' id='word_1_250' title='bbox 1418 4208 1759 4296; x_wconf 85' lang='lat' dir='ltr'><strong>disputata</strong></span> 
     </span>
    </p>
   </div>
   <div class='ocr_carea' id='block_1_16' title="bbox 247 4309 1758 4492">
    <p class='ocr_par' dir='ltr' id='par_1_16' title="bbox 247 4309 1758 4492">
     <span class='ocr_line' id='line_1_47' title="bbox 247 4309 1758 4492; baseline -0.003 -22"><span class='ocrx_word' id='word_1_251' title='bbox 247 4309 628 4492; x_wconf 46' lang='lat' dir='ltr'><strong>‘unguebat</strong></span> <span class='ocrx_word' id='word_1_252' title='bbox 661 4418 915 4468; x_wconf 89' lang='lat' dir='ltr'><strong>annum</strong></span> <span class='ocrx_word' id='word_1_253' title='bbox 944 4398 1758 4483; x_wconf 74' lang='lat' dir='ltr'><strong>BOC.272.Fr61ichius</strong></span> 
     </span>
    </p>
   </div>
   <div class='ocr_carea' id='block_1_17' title="bbox 2259 1898 3005 1970">
    <p class='ocr_par' dir='ltr' id='par_1_17' title="bbox 2259 1898 3005 1970">
     <span class='ocr_line' id='line_1_48' title="bbox 2259 1898 3005 1970; baseline 0.006 -6"><span class='ocrx_word' id='word_1_254' title='bbox 2259 1898 3005 1970; x_wconf 84' lang='grc' dir='ltr'><em>ΕΡῙΡΗΑΝΕΑ.</em></span> 
     </span>
    </p>
   </div>
   <div class='ocr_carea' id='block_1_18' title="bbox 1844 2085 3474 4490">
    <p class='ocr_par' dir='ltr' id='par_1_18' title="bbox 1844 2085 3474 4490">
     <span class='ocr_line' id='line_1_49' title="bbox 1963 2085 3395 2184; baseline 0.004 -32"><span class='ocrx_word' id='word_1_255' title='bbox 1963 2087 2046 2153; x_wconf 89' lang='lat' dir='ltr'><strong>In</strong></span> <span class='ocrx_word' id='word_1_256' title='bbox 2113 2085 2364 2159; x_wconf 87' lang='lat' dir='ltr'><strong>Cilicia</strong></span> <span class='ocrx_word' id='word_1_257' title='bbox 2448 2091 2825 2184; x_wconf 77' lang='lat' dir='ltr'><strong>campestri</strong></span> <span class='ocrx_word' id='word_1_258' title='bbox 2880 2115 3102 2181; x_wconf 88' lang='lat' dir='ltr'><strong>prope</strong></span> <span class='ocrx_word' id='word_1_259' title='bbox 3170 2092 3395 2159; x_wconf 79' lang='lat' dir='ltr'><strong>Iss&#39;um.</strong></span> 
     </span>
     <span class='ocr_line' id='line_1_50' title="bbox 1869 2183 3398 2269; baseline 0.004 -20"><span class='ocrx_word' id='word_1_260' title='bbox 1869 2183 2057 2249; x_wconf 89' lang='lat' dir='ltr'><strong>Olim</strong></span> <span class='ocrx_word' id='word_1_261' title='bbox 2100 2188 2288 2252; x_wconf 87' lang='lat' dir='ltr'><strong>dicta</strong></span> <span class='ocrx_word' id='word_1_262' title='bbox 2329 2191 2687 2260; x_wconf 72' lang='lat' dir='ltr'><strong>Oeniandos</strong></span> <span class='ocrx_word' id='word_1_263' title='bbox 2732 2190 2892 2255; x_wconf 80' lang='lat' dir='ltr'><strong>teste</strong></span> <span class='ocrx_word' id='word_1_264' title='bbox 2936 2191 3198 2269; x_wconf 88' lang='lat' dir='ltr'><strong>Plinio,</strong></span> <span class='ocrx_word' id='word_1_265' title='bbox 3279 2191 3398 2256; x_wconf 83' lang='lat' dir='ltr'><strong>sed</strong></span> 
     </span>
     <span class='ocr_line' id='line_1_51' title="bbox 1864 2282 3398 2374; baseline 0.004 -29"><span class='ocrx_word' id='word_1_266' title='bbox 1864 2282 2196 2347; x_wconf 86' lang='lat' dir='ltr'><strong>Antiochi</strong></span> <span class='ocrx_word' id='word_1_267' title='bbox 2238 2285 2618 2372; x_wconf 88' lang='lat' dir='ltr'><strong>Epiphanis</strong></span> <span class='ocrx_word' id='word_1_268' title='bbox 2672 2289 2933 2374; x_wconf 83' lang='lat' dir='ltr'><strong>gratia,</strong></span> <span class='ocrx_word' id='word_1_269' title='bbox 3003 2300 3082 2350; x_wconf 88' lang='lat' dir='ltr'><strong>nt</strong></span> <span class='ocrx_word' id='word_1_270' title='bbox 3127 2286 3398 2351; x_wconf 84' lang='lat' dir='ltr'><strong>censent</strong></span> 
     </span>
     <span class='ocr_line' id='line_1_52' title="bbox 1863 2377 3444 2471; baseline 0.004 -29"><span class='ocrx_word' id='word_1_271' title='bbox 1863 2377 2165 2446; x_wconf 80' lang='lat' dir='ltr'><strong>Norifius</strong></span> <span class='ocrx_word' id='word_1_272' title='bbox 2206 2394 2275 2445; x_wconf 88' lang='lat' dir='ltr'><strong>et</strong></span> <span class='ocrx_word' id='word_1_273' title='bbox 2289 2384 2673 2471; x_wconf 78' lang='lat' dir='ltr'><strong>Belleyus,</strong></span> <span class='ocrx_word' id='word_1_274' title='bbox 2698 2404 2979 2448; x_wconf 88' lang='lat' dir='ltr'><strong>nomen</strong></span> <span class='ocrx_word' id='word_1_275' title='bbox 3018 2398 3395 2449; x_wconf 84' lang='lat' dir='ltr'><strong>commuta·</strong></span> <span class='ocrx_word' id='word_1_276' title='bbox 3435 2424 3444 2429; x_wconf 84' lang='lat'><em>·</em></span> 
     </span>
     <span class='ocr_line' id='line_1_53' title="bbox 1860 2476 3396 2567; baseline 0.005 -29"><span class='ocrx_word' id='word_1_277' title='bbox 1860 2476 1986 2539; x_wconf 79' lang='lat' dir='ltr'><strong>vit.</strong></span> <span class='ocrx_word' id='word_1_278' title='bbox 2086 2479 2243 2541; x_wconf 92' lang='lat' dir='ltr'><strong>Fuit</strong></span> <span class='ocrx_word' id='word_1_279' title='bbox 2274 2483 2484 2544; x_wconf 85' lang='lat' dir='ltr'><strong>etiam</strong></span> <span class='ocrx_word' id='word_1_280' title='bbox 2515 2482 2738 2546; x_wconf 85' lang='lat' dir='ltr'><strong>altera</strong></span> <span class='ocrx_word' id='word_1_281' title='bbox 2771 2483 3072 2563; x_wconf 87' lang='lat' dir='ltr'><strong>ejusdem</strong></span> <span class='ocrx_word' id='word_1_282' title='bbox 3094 2482 3396 2567; x_wconf 75' lang='lat' dir='ltr'><strong>nominis</strong></span> 
     </span>
     <span class='ocr_line' id='line_1_54' title="bbox 1860 2569 3393 2651; baseline 0.008 -20"><span class='ocrx_word' id='word_1_283' title='bbox 1860 2571 1936 2632; x_wconf 87' lang='lat' dir='ltr'><strong>in</strong></span> <span class='ocrx_word' id='word_1_284' title='bbox 1979 2569 2186 2651; x_wconf 80' lang='lat' dir='ltr'><strong>Syria</strong></span> <span class='ocrx_word' id='word_1_285' title='bbox 2240 2575 2334 2637; x_wconf 86' lang='lat' dir='ltr'><strong>ad</strong></span> <span class='ocrx_word' id='word_1_286' title='bbox 2392 2578 2727 2639; x_wconf 91' lang='lat' dir='ltr'><strong>Orontem</strong></span> <span class='ocrx_word' id='word_1_287' title='bbox 2784 2574 2854 2642; x_wconf 81' lang='lat' dir='ltr'><strong>fl.</strong></span> <span class='ocrx_word' id='word_1_288' title='bbox 2952 2580 3046 2639; x_wconf 85' lang='lat' dir='ltr'><strong>At</strong></span> <span class='ocrx_word' id='word_1_289' title='bbox 3083 2575 3393 2649; x_wconf 68' lang='lat' dir='ltr'><strong>⁴multum</strong></span> 
     </span>
     <span class='ocr_line' id='line_1_55' title="bbox 1865 2662 3390 2756; baseline 0.007 -30"><span class='ocrx_word' id='word_1_290' title='bbox 1865 2662 2241 2729; x_wconf 80' lang='lat' dir='ltr'><strong>conflictati</strong></span> <span class='ocrx_word' id='word_1_291' title='bbox 2311 2667 2461 2732; x_wconf 85' lang='lat' dir='ltr'><strong>sunt</strong></span> <span class='ocrx_word' id='word_1_292' title='bbox 2514 2669 2854 2748; x_wconf 85' lang='lat' dir='ltr'><strong>Norifius,</strong></span> <span class='ocrx_word' id='word_1_293' title='bbox 2948 2671 3390 2756; x_wconf 81' lang='lat' dir='ltr'><strong>Vaillantius,</strong></span> 
     </span>
     <span class='ocr_line' id='line_1_56' title="bbox 1863 2757 3393 2846; baseline 0.006 -23"><span class='ocrx_word' id='word_1_294' title='bbox 1863 2759 2122 2841; x_wconf 80' lang='lat' dir='ltr'><strong>aliique</strong></span> <span class='ocrx_word' id='word_1_295' title='bbox 2181 2757 2451 2827; x_wconf 78' lang='lat' dir='ltr'><strong>veteres</strong></span> <span class='ocrx_word' id='word_1_296' title='bbox 2514 2766 2883 2846; x_wconf 86' lang='lat' dir='ltr'><strong>antiquarii</strong></span> <span class='ocrx_word' id='word_1_297' title='bbox 2925 2765 2996 2826; x_wconf 89' lang='lat' dir='ltr'><strong>in</strong></span> <span class='ocrx_word' id='word_1_298' title='bbox 3046 2767 3393 2832; x_wconf 83' lang='lat' dir='ltr'><strong>collocan-</strong></span> 
     </span>
     <span class='ocr_line' id='line_1_57' title="bbox 1866 2854 3392 2946; baseline 0.009 -32"><span class='ocrx_word' id='word_1_299' title='bbox 1866 2854 1974 2916; x_wconf 87' lang='lat' dir='ltr'><strong>dis</strong></span> <span class='ocrx_word' id='word_1_300' title='bbox 2010 2856 2138 2918; x_wconf 84' lang='lat' dir='ltr'><strong>rite</strong></span> <span class='ocrx_word' id='word_1_301' title='bbox 2171 2859 2393 2928; x_wconf 82' lang='lat' dir='ltr'><strong>numis</strong></span> <span class='ocrx_word' id='word_1_302' title='bbox 2412 2858 2858 2946; x_wconf 83' lang='lat' dir='ltr'><strong>Epiphaneae</strong></span> <span class='ocrx_word' id='word_1_303' title='bbox 2898 2879 3144 2922; x_wconf 87' lang='lat' dir='ltr'><strong>nomen</strong></span> <span class='ocrx_word' id='word_1_304' title='bbox 3177 2857 3392 2928; x_wconf 85' lang='lat' dir='ltr'><strong>osten</strong></span> 
     </span>
     <span class='ocr_line' id='line_1_58' title="bbox 1861 2950 3392 3044; baseline 0.007 -33"><span class='ocrx_word' id='word_1_305' title='bbox 1861 2950 2191 3016; x_wconf 87' lang='lat' dir='ltr'><strong>tantibus.</strong></span> <span class='ocrx_word' id='word_1_306' title='bbox 2287 2953 2427 3019; x_wconf 85' lang='lat' dir='ltr'><strong>Eos</strong></span> <span class='ocrx_word' id='word_1_307' title='bbox 2483 2955 2807 3037; x_wconf 81' lang='lat' dir='ltr'><strong>Belleyus</strong></span> <span class='ocrx_word' id='word_1_308' title='bbox 2853 2975 3192 3021; x_wconf 85' lang='lat' dir='ltr'><strong>novorum</strong></span> <span class='ocrx_word' id='word_1_309' title='bbox 3244 2957 3392 3044; x_wconf 82' lang='lat' dir='ltr'><strong>sup-</strong></span> 
     </span>
     <span class='ocr_line' id='line_1_59' title="bbox 1859 3043 3389 3154; baseline 0.01 -49"><span class='ocrx_word' id='word_1_310' title='bbox 1859 3043 2364 3154; x_wconf 86' lang='lat' dir='ltr'><strong>plementorum</strong></span> <span class='ocrx_word' id='word_1_311' title='bbox 2418 3050 2703 3116; x_wconf 76' lang='lat' dir='ltr'><strong>subsidio</strong></span> <span class='ocrx_word' id='word_1_312' title='bbox 2777 3052 3025 3116; x_wconf 86' lang='lat' dir='ltr'><strong>certius</strong></span> <span class='ocrx_word' id='word_1_313' title='bbox 3078 3053 3389 3122; x_wconf 86' lang='lat' dir='ltr'><strong>definivit</strong></span> 
     </span>
     <span class='ocr_line' id='line_1_60' title="bbox 1859 3140 3385 3235; baseline 0.009 -32"><span class='ocrx_word' id='word_1_314' title='bbox 1859 3140 1934 3204; x_wconf 93' lang='lat' dir='ltr'><strong>in</strong></span> <span class='ocrx_word' id='word_1_315' title='bbox 1987 3142 2299 3228; x_wconf 84' lang='lat' dir='ltr'><strong>elegante</strong></span> <span class='ocrx_word' id='word_1_316' title='bbox 2375 3148 2833 3216; x_wconf 81' lang='lat' dir='ltr'><strong>differtatione</strong></span> <span class='ocrx_word' id='word_1_317' title='bbox 2893 3148 2979 3211; x_wconf 89' lang='lat' dir='ltr'><strong>de</strong></span> <span class='ocrx_word' id='word_1_318' title='bbox 3033 3149 3385 3235; x_wconf 83' lang='lat' dir='ltr'><strong>utriusque</strong></span> 
     </span>
     <span class='ocr_line' id='line_1_61' title="bbox 1858 3236 3474 3332; baseline 0.007 -33"><span class='ocrx_word' id='word_1_319' title='bbox 1858 3236 2045 3301; x_wconf 89' lang='lat' dir='ltr'><strong>urbis</strong></span> <span class='ocrx_word' id='word_1_320' title='bbox 2079 3240 2325 3305; x_wconf 80' lang='lat' dir='ltr'><strong>numis,</strong></span> <span class='ocrx_word' id='word_1_321' title='bbox 2362 3236 2428 3326; x_wconf 78' lang='lat' dir='ltr'><strong>b)</strong></span> <span class='ocrx_word' id='word_1_322' title='bbox 2531 3244 2715 3307; x_wconf 90' lang='lat' dir='ltr'><strong>Inter</strong></span> <span class='ocrx_word' id='word_1_323' title='bbox 2755 3244 2884 3308; x_wconf 85' lang='lat' dir='ltr'><strong>hos</strong></span> <span class='ocrx_word' id='word_1_324' title='bbox 2939 3265 3182 3310; x_wconf 89' lang='lat' dir='ltr'><strong>numos</strong></span> <span class='ocrx_word' id='word_1_325' title='bbox 3222 3246 3383 3332; x_wconf 77' lang='lat' dir='ltr'><strong>Epi·</strong></span> <span class='ocrx_word' id='word_1_326' title='bbox 3467 3327 3474 3332; x_wconf 15' lang='grc' dir='ltr'>η</span> 
     </span>
     <span class='ocr_line' id='line_1_62' title="bbox 1854 3334 3390 3432; baseline 0.007 -35"><span class='ocrx_word' id='word_1_327' title='bbox 1854 3334 2174 3419; x_wconf 87' lang='lat' dir='ltr'><strong>phaneae</strong></span> <span class='ocrx_word' id='word_1_328' title='bbox 2224 3339 2501 3402; x_wconf 88' lang='lat' dir='ltr'><strong>nomine</strong></span> <span class='ocrx_word' id='word_1_329' title='bbox 2547 3339 2902 3425; x_wconf 83' lang='lat' dir='ltr'><strong>inscriptos</strong></span> <span class='ocrx_word' id='word_1_330' title='bbox 2964 3343 3093 3405; x_wconf 81' lang='lat' dir='ltr'><strong>effe</strong></span> <span class='ocrx_word' id='word_1_331' title='bbox 3163 3337 3390 3432; x_wconf 66' lang='lat' dir='ltr'><strong>distin-</strong></span> 
     </span>
     <span class='ocr_line' id='line_1_63' title="bbox 1856 3433 3376 3521; baseline 0.008 -28"><span class='ocrx_word' id='word_1_332' title='bbox 1856 3433 2198 3515; x_wconf 87' lang='lat' dir='ltr'><strong>gnendum</strong></span> <span class='ocrx_word' id='word_1_333' title='bbox 2217 3480 2236 3510; x_wconf 91' lang='lat'>‚</span> <span class='ocrx_word' id='word_1_334' title='bbox 2290 3434 2585 3498; x_wconf 88' lang='lat' dir='ltr'><strong>docuere</strong></span> <span class='ocrx_word' id='word_1_335' title='bbox 2609 3435 2827 3498; x_wconf 89' lang='lat' dir='ltr'><strong>additi</strong></span> <span class='ocrx_word' id='word_1_336' title='bbox 2854 3437 3161 3521; x_wconf 87' lang='lat' dir='ltr'><strong>epochae</strong></span> <span class='ocrx_word' id='word_1_337' title='bbox 3189 3442 3376 3507; x_wconf 90' lang='lat' dir='ltr'><strong>anni.</strong></span> 
     </span>
     <span class='ocr_line' id='line_1_64' title="bbox 1855 3527 3380 3620; baseline 0.001 -31"><span class='ocrx_word' id='word_1_338' title='bbox 1855 3527 2039 3590; x_wconf 85' lang='lat' dir='ltr'><strong>Nam</strong></span> <span class='ocrx_word' id='word_1_339' title='bbox 2087 3549 2241 3593; x_wconf 90' lang='lat' dir='ltr'><strong>cum</strong></span> <span class='ocrx_word' id='word_1_340' title='bbox 2293 3530 2364 3592; x_wconf 91' lang='lat' dir='ltr'><strong>in</strong></span> <span class='ocrx_word' id='word_1_341' title='bbox 2410 3551 2547 3594; x_wconf 89' lang='lat' dir='ltr'><strong>uno</strong></span> <span class='ocrx_word' id='word_1_342' title='bbox 2589 3528 2923 3595; x_wconf 88' lang='lat' dir='ltr'><strong>Gordiani</strong></span> <span class='ocrx_word' id='word_1_343' title='bbox 2958 3553 3166 3597; x_wconf 91' lang='lat' dir='ltr'><strong>numo</strong></span> <span class='ocrx_word' id='word_1_344' title='bbox 3202 3529 3380 3620; x_wconf 81' lang='lat' dir='ltr'><strong>lege.</strong></span> 
     </span>
     <span class='ocr_line' id='line_1_65' title="bbox 1852 3629 3383 3711; baseline 0.005 -24"><span class='ocrx_word' id='word_1_345' title='bbox 1852 3636 2038 3688; x_wconf 88' lang='lat' dir='ltr'><strong>retur</strong></span> <span class='ocrx_word' id='word_1_346' title='bbox 2091 3645 2308 3690; x_wconf 85' lang='lat' dir='ltr'><strong>annus</strong></span> <span class='ocrx_word' id='word_1_347' title='bbox 2371 3629 2532 3692; x_wconf 74' lang='lat'><strong>206.</strong></span> <span class='ocrx_word' id='word_1_348' title='bbox 2562 3675 2579 3706; x_wconf 93' lang='lat'>,</span> <span class='ocrx_word' id='word_1_349' title='bbox 2673 3629 2745 3692; x_wconf 90' lang='lat' dir='ltr'><strong>in</strong></span> <span class='ocrx_word' id='word_1_350' title='bbox 2802 3629 3020 3698; x_wconf 80' lang='lat' dir='ltr'><strong>altero</strong></span> <span class='ocrx_word' id='word_1_351' title='bbox 3075 3631 3383 3711; x_wconf 88' lang='lat' dir='ltr'><strong>ejusdem</strong></span> 
     </span>
     <span class='ocr_line' id='line_1_66' title="bbox 1853 3718 3380 3807; baseline 0 -23"><span class='ocrx_word' id='word_1_352' title='bbox 1853 3718 2190 3786; x_wconf 89' lang='lat' dir='ltr'><strong>Gordiani</strong></span> <span class='ocrx_word' id='word_1_353' title='bbox 2217 3741 2431 3788; x_wconf 87' lang='lat' dir='ltr'><strong>annus</strong></span> <span class='ocrx_word' id='word_1_354' title='bbox 2453 3724 2620 3807; x_wconf 88' lang='lat'><strong>306.</strong></span> <span class='ocrx_word' id='word_1_355' title='bbox 2648 3773 2668 3803; x_wconf 86' lang='lat'>‚</span> <span class='ocrx_word' id='word_1_356' title='bbox 2720 3726 2975 3788; x_wconf 85' lang='lat' dir='ltr'><strong>necess&#39;e</strong></span> <span class='ocrx_word' id='word_1_357' title='bbox 3011 3738 3197 3804; x_wconf 88' lang='lat' dir='ltr'><strong>erat,</strong></span> <span class='ocrx_word' id='word_1_358' title='bbox 3252 3728 3380 3791; x_wconf 85' lang='lat' dir='ltr'><strong>ali..</strong></span> 
     </span>
     <span class='ocr_line' id='line_1_67' title="bbox 1852 3821 3377 3900; baseline 0.005 -18"><span class='ocrx_word' id='word_1_359' title='bbox 1852 3837 1934 3882; x_wconf 81' lang='lat' dir='ltr'><strong>os</strong></span> <span class='ocrx_word' id='word_1_360' title='bbox 1977 3838 2228 3884; x_wconf 89' lang='lat' dir='ltr'><strong>numos</strong></span> <span class='ocrx_word' id='word_1_361' title='bbox 2258 3821 2657 3885; x_wconf 84' lang='lat' dir='ltr'><strong>tribuendos</strong></span> <span class='ocrx_word' id='word_1_362' title='bbox 2701 3822 2858 3886; x_wconf 89' lang='lat' dir='ltr'><strong>hnic</strong></span> <span class='ocrx_word' id='word_1_363' title='bbox 2886 3870 2906 3900; x_wconf 85' lang='lat'>,</span> <span class='ocrx_word' id='word_1_364' title='bbox 2959 3823 3133 3886; x_wconf 90' lang='lat' dir='ltr'><strong>alios</strong></span> <span class='ocrx_word' id='word_1_365' title='bbox 3174 3824 3377 3889; x_wconf 83' lang='lat' dir='ltr'><strong>alteri</strong></span> 
     </span>
     <span class='ocr_line' id='line_1_68' title="bbox 1851 3915 3373 4001; baseline 0.005 -24"><span class='ocrx_word' id='word_1_366' title='bbox 1851 3915 2323 4001; x_wconf 81' lang='lat' dir='ltr'><strong>Epiphaneae.</strong></span> <span class='ocrx_word' id='word_1_367' title='bbox 2422 3915 2596 3981; x_wconf 90' lang='lat' dir='ltr'><strong>Cum</strong></span> <span class='ocrx_word' id='word_1_368' title='bbox 2627 3938 2792 3983; x_wconf 80' lang='lat' dir='ltr'><strong>vero</strong></span> <span class='ocrx_word' id='word_1_369' title='bbox 2831 3938 2917 3981; x_wconf 81' lang='lat' dir='ltr'><strong>ex</strong></span> <span class='ocrx_word' id='word_1_370' title='bbox 2956 3922 3177 3983; x_wconf 84' lang='lat' dir='ltr'><strong>nnmis</strong></span> <span class='ocrx_word' id='word_1_371' title='bbox 3215 3941 3373 3985; x_wconf 86' lang='lat' dir='ltr'><strong>con-</strong></span> 
     </span>
     <span class='ocr_line' id='line_1_69' title="bbox 1850 4008 3370 4103; baseline 0.001 -29"><span class='ocrx_word' id='word_1_372' title='bbox 1850 4008 2010 4091; x_wconf 78' lang='lat' dir='ltr'><strong>stet,</strong></span> <span class='ocrx_word' id='word_1_373' title='bbox 2096 4033 2332 4077; x_wconf 85' lang='lat' dir='ltr'><strong>aeram</strong></span> <span class='ocrx_word' id='word_1_374' title='bbox 2373 4013 2823 4099; x_wconf 82' lang='lat' dir='ltr'><strong>Epiphaneae</strong></span> <span class='ocrx_word' id='word_1_375' title='bbox 2871 4013 3114 4098; x_wconf 87' lang='lat' dir='ltr'><strong>Syriae</strong></span> <span class='ocrx_word' id='word_1_376' title='bbox 3164 4016 3370 4103; x_wconf 75' lang='lat' dir='ltr'><strong>figen-</strong></span> 
     </span>
     <span class='ocr_line' id='line_1_70' title="bbox 1851 4103 3369 4191; baseline 0.005 -19"><span class='ocrx_word' id='word_1_377' title='bbox 1851 4109 2014 4172; x_wconf 85' lang='lat' dir='ltr'><strong>dam</strong></span> <span class='ocrx_word' id='word_1_378' title='bbox 2046 4108 2142 4173; x_wconf 87' lang='lat' dir='ltr'><strong>ad</strong></span> <span class='ocrx_word' id='word_1_379' title='bbox 2178 4130 2433 4174; x_wconf 88' lang='lat' dir='ltr'><strong>annum</strong></span> <span class='ocrx_word' id='word_1_380' title='bbox 2458 4112 2541 4176; x_wconf 82' lang='lat' dir='ltr'><strong>V.</strong></span> <span class='ocrx_word' id='word_1_381' title='bbox 2580 4103 2657 4176; x_wconf 87' lang='lat' dir='ltr'><strong>C.</strong></span> <span class='ocrx_word' id='word_1_382' title='bbox 2683 4114 2840 4191; x_wconf 87' lang='lat'><strong>690.</strong></span> <span class='ocrx_word' id='word_1_383' title='bbox 2867 4156 2888 4188; x_wconf 88' lang='lat'><strong>,</strong></span> <span class='ocrx_word' id='word_1_384' title='bbox 2940 4110 3369 4180; x_wconf 84' lang='lat' dir='ltr'><strong>manifestum</strong></span> 
     </span>
     <span class='ocr_line' id='line_1_71' title="bbox 1846 4203 3370 4295; baseline 0.002 -25"><span class='ocrx_word' id='word_1_385' title='bbox 1846 4203 1982 4284; x_wconf 82' lang='lat' dir='ltr'><strong>est,</strong></span> <span class='ocrx_word' id='word_1_386' title='bbox 2020 4206 2249 4294; x_wconf 59' lang='lat' dir='ltr'><strong>alios,</strong></span> <span class='ocrx_word' id='word_1_387' title='bbox 2305 4226 2594 4294; x_wconf 83' lang='lat' dir='ltr'><strong>qnorum</strong></span> <span class='ocrx_word' id='word_1_388' title='bbox 2616 4208 2777 4274; x_wconf 86' lang='lat' dir='ltr'><strong>anni</strong></span> <span class='ocrx_word' id='word_1_389' title='bbox 2815 4208 3036 4272; x_wconf 89' lang='lat' dir='ltr'><strong>nnmis</strong></span> <span class='ocrx_word' id='word_1_390' title='bbox 3073 4209 3370 4295; x_wconf 83' lang='lat' dir='ltr'><strong>inscripti</strong></span> 
     </span>
     <span class='ocr_line' id='line_1_72' title="bbox 1849 4295 3365 4392; baseline 0 -24"><span class='ocrx_word' id='word_1_391' title='bbox 1849 4324 2004 4369; x_wconf 89' lang='lat' dir='ltr'><strong>cum</strong></span> <span class='ocrx_word' id='word_1_392' title='bbox 2021 4303 2154 4368; x_wconf 88' lang='lat' dir='ltr'><strong>hac</strong></span> <span class='ocrx_word' id='word_1_393' title='bbox 2171 4324 2336 4368; x_wconf 86' lang='lat' dir='ltr'><strong>aera</strong></span> <span class='ocrx_word' id='word_1_394' title='bbox 2358 4306 2684 4389; x_wconf 90' lang='lat' dir='ltr'><strong>componi</strong></span> <span class='ocrx_word' id='word_1_395' title='bbox 2719 4324 2854 4368; x_wconf 89' lang='lat' dir='ltr'><strong>non</strong></span> <span class='ocrx_word' id='word_1_396' title='bbox 2891 4295 3181 4391; x_wconf 73' lang='lat' dir='ltr'><strong>possunt,</strong></span> <span class='ocrx_word' id='word_1_397' title='bbox 3237 4306 3365 4392; x_wconf 60' lang='lat' dir='ltr'><strong>effe</strong></span> 
     </span>
     <span class='ocr_line' id='line_1_73' title="bbox 1844 4399 3197 4490; baseline 0.003 -27"><span class='ocrx_word' id='word_1_398' title='bbox 1844 4402 2295 4488; x_wconf 86' lang='lat' dir='ltr'><strong>Epiphaneae</strong></span> <span class='ocrx_word' id='word_1_399' title='bbox 2332 4399 2636 4466; x_wconf 78' lang='lat' dir='ltr'><strong>Ciliciae.</strong></span> <span class='ocrx_word' id='word_1_400' title='bbox 2732 4403 2891 4485; x_wconf 77' lang='lat' dir='ltr'><strong>Ejus</strong></span> <span class='ocrx_word' id='word_1_401' title='bbox 2931 4404 3197 4490; x_wconf 72' lang='lat' dir='ltr'><strong>generis</strong></span> 
     </span>
    </p>
   </div>
   <div class='ocr_carea' id='block_1_19' title="bbox 249 4536 3380 4575">
    <p class='ocr_par' dir='ltr' id='par_1_19' title="bbox 249 4536 3380 4575">
     <span class='ocr_line' id='line_1_74' title="bbox 249 4536 3380 4575; baseline 0 925"><span class='ocrx_word' id='word_1_402' title='bbox 249 4536 3380 4575; x_wconf 95' lang='lat' dir='ltr'><strong> </strong></span> 
     </span>
    </p>
   </div>
   <div class='ocr_carea' id='block_1_20' title="bbox 327 4607 972 4691">
    <p class='ocr_par' dir='ltr' id='par_1_20' title="bbox 327 4607 972 4691">
     <span class='ocr_line' id='line_1_75' title="bbox 327 4607 972 4691; baseline -0.002 -22"><span class='ocrx_word' id='word_1_403' title='bbox 327 4617 385 4686; x_wconf 80' lang='lat' dir='ltr'><strong>a)</strong></span> <span class='ocrx_word' id='word_1_404' title='bbox 428 4613 492 4670; x_wconf 88' lang='lat' dir='ltr'><strong>L.</strong></span> <span class='ocrx_word' id='word_1_405' title='bbox 529 4607 602 4668; x_wconf 79' lang='lat' dir='ltr'><strong>V.</strong></span> <span class='ocrx_word' id='word_1_406' title='bbox 638 4633 697 4691; x_wconf 87' lang='lat' dir='ltr'><strong>p.</strong></span> <span class='ocrx_word' id='word_1_407' title='bbox 733 4633 812 4678; x_wconf 78' lang='grc' dir='ltr'><strong>ιιι,</strong></span> <span class='ocrx_word' id='word_1_408' title='bbox 850 4631 972 4684; x_wconf 77' lang='lat'>270,</span> 
     </span>
    </p>
   </div>
   <div class='ocr_carea' id='block_1_21' title="bbox 1165 4609 2059 4685">
    <p class='ocr_par' dir='ltr' id='par_1_21' title="bbox 1165 4609 2059 4685">
     <span class='ocr_line' id='line_1_76' title="bbox 1165 4609 2059 4685; baseline 0.003 -17"><span class='ocrx_word' id='word_1_409' title='bbox 1165 4609 1231 4683; x_wconf 85' lang='lat' dir='ltr'><strong>b)</strong></span> <span class='ocrx_word' id='word_1_410' title='bbox 1269 4611 1336 4676; x_wconf 79' lang='grc' dir='ltr'><strong>Β,</strong></span> <span class='ocrx_word' id='word_1_411' title='bbox 1373 4611 1437 4664; x_wconf 90' lang='lat' dir='ltr'><strong>L.</strong></span> <span class='ocrx_word' id='word_1_412' title='bbox 1475 4611 1550 4677; x_wconf 79' lang='grc' dir='ltr'><strong>Τ,</strong></span> <span class='ocrx_word' id='word_1_413' title='bbox 1584 4609 1807 4669; x_wconf 79' lang='lat' dir='ltr'><strong>XXVI.</strong></span> <span class='ocrx_word' id='word_1_414' title='bbox 1845 4629 1905 4685; x_wconf 83' lang='lat' dir='ltr'><strong>p.</strong></span> <span class='ocrx_word' id='word_1_415' title='bbox 1938 4629 2059 4684; x_wconf 82' lang='lat'>391·</span> 
     </span>
    </p>
   </div>
  </div>
 </body>
</html>
