4125 5500
970 548 1954 639 TRACH0N1T113‚
2053 546 2704 630 ITVRAEA.

261 747 578 837 Iosephus
592 749 820 836 priore
835 750 993 817 loco
1022 751 1332 818 nominat
1349 750 1753 819 Caesaream

254 843 561 911 nostram.
617 862 640 877 “
663 845 802 909 Sed
830 866 917 911 ex
954 848 1198 911 eodem
1213 845 1591 915 testimonio
1611 850 1757 914 col-

251 943 386 1027 ligo
452 943 699 1020 etiam,
799 962 938 1009 non
1004 942 1286 1031 potuisse
1351 941 1757 1011 Caesaream

252 1033 523 1101 fundari
561 1038 801 1113 serius;
853 1058 1012 1104 nam
1074 1036 1330 1103 eertum
1384 1036 1475 1102 est
1504 1087 1525 1119 ,
1600 1060 1757 1104 eam

250 1154 294 1196 a
341 1132 665 1221 Philippo
704 1134 1050 1201 aedificari
1097 1145 1417 1220 coeptam
1450 1148 1609 1200 ante
1650 1136 1757 1198 Iu-

245 1229 540 1307 liadem,
591 1243 710 1295 aut
744 1230 976 1294 saltem
1008 1230 1250 1294 eodem
1274 1241 1616 1317 tempore,
1670 1250 1758 1295 ne

248 1326 306 1389 is
343 1327 677 1419 majore-m
720 1326 1063 1392 videretur
1113 1323 1369 1389 habere
1419 1326 1756 1393 honorem

243 1418 430 1483 filiae
452 1418 664 1483 Iuliae
685 1469 705 1498 ,
773 1440 982 1505 quam
1018 1419 1203 1508 patri
1232 1418 1553 1506 Augusto.
1664 1426 1760 1486 At

220 1513 505 1583 .neoess'e
529 1512 618 1578 est
638 1562 660 1595 ,
709 1517 887 1583 hane
911 1518 1115 1581 etiam
1154 1513 1488 1579 Iuliadem
1511 1518 1759 1580 eodem

243 1629 426 1679 anno
485 1629 650 1693 751·
707 1611 994 1698 coepisse
1025 1606 1311 1686 exstrui3
1393 1630 1555 1677 nam
1590 1630 1755 1676 oon-

239 1703 397 1783 flm,
460 1705 703 1771 Iuliam
734 1725 916 1772 anno
953 1727 1118 1772 mox
1157 1705 1470 1790 sequente
1509 1708 1757 1772 atroci·

238 1823 354 1869 um
395 1800 761 1867 criminum
801 1804 1192 1868 convictam
1223 1821 1267 1865 a
1301 1804 1586 1889 patrein
1613 1802 1754 1867 exi-

233 1898 404 1963 lium
450 1898 770 1978 ejectam,
860 1918 1080 1984 neque
1147 1897 1441 1985 amplius
1504 1895 1753 1963 restitu-

232 2005 404 2061 tam.
516 1991 743 2074 Quare
795 2005 955 2057 ante
995 1994 1173 2058 hunc
1231 1992 1456 2058 casum
1498 1993 1755 2058 necess‘e

233 2087 328 2154 est
353 2106 617 2153 nomen
654 2089 935 2157 Iuliadis
967 2089 1119 2154 urbi
1160 2086 1578 2176 impositum,
1612 2088 1754 2153 nul-

230 2184 396 2259 lam,
428 2202 605 2250 vero
641 2182 876 2272 postea
925 2186 1274 2272 neglectae
1325 2186 1561 2270 palam
1612 2204 1754 2248 mu-

232 2280 426 2349 lieris
485 2282 824 2355 rationem
858 2280 1198 2348 habitam.
1291 2280 1453 2353 Non
1482 2280 1755 2345 videtur

235 2378 348 2445 vir
417 2376 717 2443 summus
763 2376 1067 2443 Norilius
1119 2376 1214 2441 ad
1268 2373 1447 2440 hanc
1490 2374 1759 2461 Iosephi

233 2473 714 2543 narrationem
750 2472 1144 2551 advertisse,
1213 2490 1375 2539 nam
1429 2470 1613 2535 secus
1645 2468 1761 2533 vel

234 2566 377 2631 hac
455 2565 684 2633 facem
717 2546 1150 2653 praeferente
1211 2565 1540 2631 arctiores
1599 2563 1760 2627 huio

232 2662 559 2749 epochae
591 2662 842 2725 limites
877 2658 1138 2726 fixisset.
1187 2660 1381 2727 Haec
1410 2664 1555 2745 jam
1592 2657 1762 2723 olim

223 2759 493 2826 iisdem
521 2758 751 2822 verbis
786 2756 1286 2842 disputaveram
1340 2760 1399 2838 ¹)
1423 2803 1444 2840 ,
1478 2774 1616 2838 quo
1657 2753 1763 2820 lo·-

226 2871 328 2918 eo
357 2864 727 2938 praeterea
772 2850 971 2916 binos
1007 2851 1275 2920 Eusebii
1305 2835 1372 2935 l’)
1411 2863 1481 2915 et
1520 2852 1761 2916 Hiero·

223 2948 444 3031 nymi
481 2944 541 3028 ⁴³)
591 2945 1180 3033 parachronismos
1234 2945 1518 3024 notavi,
1601 2965 1770 3032 quo-

225 3062 395 3106 rum
435 3041 554 3104 ille
587 3061 832 3106 nomen
867 3040 1149 3107 Iuliadis
1190 3062 1236 3107 a
1271 3042 1450 3107 Iulia
1495 3041 1762 3105 Tiberii

227 3150 525 3212 matre,
570 3137 682 3201 hic
723 3157 970 3212 nomen
1003 3135 1375 3208 Caesareae
1420 3136 1761 3201 aTiberio

229 3232 594 3300 arceffivit
634 3245 873 3296 contra
903 3244 1158 3298 certam
1196 3232 1466 3319 Iosephi
1520 3244 1590 3296 et
1640 3251 1764 3296 nu·

224 3347 520 3396 morum
560 3330 1064 3394 anctoritatem.

983 3423 1013 3455 Β

804 3472 834 3506 2
1161 3473 1193 3508 ’Β

239 3561 246 3572 -
334 3525 618 3606 Agmen
656 3517 933 3582 claudat
964 3539 1205 3584 numus
1255 3533 1534 3607 propter
1577 3533 1760 3588 aeta·

225 3634 427 3697 tem,
490 3616 608 3699 qui
643 3626 870 3678 ortum
902 3616 1003 3680 ini
1045 3616 1267 3696 dedit,
1354 3618 1760 3682 memorabi-

227 3716 356 3779 lis.

329 3805 569 3880 THC.
623 3805 813 3874 (3613.
876 3805 1438 3880 KAICAPclac.
1562 3808 1768 3894 Caput

216 3904 581 3996 Iustiniani
601 3903 1040 3972 diadmatam.
1088 3910 1148 3980 ae
1193 3905 1443 3972 Nomen
1467 3905 1767 3994 Iustinia-

220 4005 294 4066 αἱ
325 4005 400 4065 iu
418 3997 623 4089 figla.
685 3999 834 4073 ΛΕ.
873 3999 995 4062 ΙΠ.
1353 4039 1362 4048 -

330 4097 531 4159 Eum
576 4095 792 4158 edidit
842 4094 1278 4175 Harduinua,
1349 4108 1420 4161 et
1470 4095 1765 4162 differta·

227 4193 434 4258 tione
533 4187 847 4276 (iugulari
914 4187 1268 4256 illustravit
1335 4182 1423 4273 ἆ).
1480 4193 1548 4258 Ia
1612 4208 1767 4256 eum

3202 572 3346 645 343

1836 748 2211 818 Caesareae
2248 749 2670 817 Palaestinae
2700 750 2973 830 tribuit,
3024 754 3355 836 quoniam

1835 861 1914 913 ut
1925 851 2032 913 ait
2049 896 2070 925 ,
2094 849 2269 913 haec
2290 867 2430 911 una
2473 846 2608 911 fuit
2628 895 2649 925 ,
2703 868 2878 930 quae
2898 847 3173 938 Sebastaes
3199 870 3355 937 cog—

1833 956 2233 1009 nomentum
2270 941 2536 1006 habuit.
2638 943 2883 1007 Mirum
2917 990 2938 1018 ,
2990 963 3142 1007 cum
3166 945 3223 1007 is
3244 964 3360 1009 eo-

1837 1041 1994 1104 dem
2051 1057 2259 1126 opere
2302 1037 2676 1103 Caesareae
2721 1038 3046 1103 Paniadis
3115 1058 3362 1103 numos

1839 1133 2256 1220 descripserit
2354 1131 2632 1222 Sebastes
2742 1134 3014 1197 nomine
3100 1134 3362 1197 addito.

1837 1229 2069 1313 Quare
2106 1228 2151 1292 fi
2181 1248 2427 1292 numus
2466 1229 2579 1293 hic
2624 1225 2714 1291 est
2750 1230 3078 1312 genuinus
3104 1275 3127 1309 ,
3177 1231 3368 1311 quod

1838 1324 1958 1389 alii
1981 1324 2276 1389 viderint
2301 1371 2320 1402 ,
2370 1325 2601 1410 potius
2640 1324 2731 1387 ad
2751 1322 2930 1387 hanc
2959 1323 3366 1389 Caesaream

1833 1419 2214 1484 Paniadem
2270 1421 2613 1504 pertinet,
2702 1438 2880 1503 quae
2916 1420 3121 1483 toties
3180 1422 3369 1484 ΚΑΙ-

1840 1515 2176 1581 ΟΑΡΕΙΑ.
2238 1514 2672 1581 CCBACTH.
2711 1514 3109 1579 inscribitur.
3230 1515 3364 1577 Ex·

1839 1608 2011 1676 stant
2031 1612 2241 1677 etiam
2275 1606 2700 1681 Gabalorum
2737 1609 2980 1691 Syriae
3018 1612 3204 1673 numi
3245 1629 3365 1672 au-

1834 1707 1937 1770 rei
1982 1700 2283 1790 inscripti
2319 1702 3105 1791 GABALORVM,cum
3141 1706 3368 1793 capite

1828 1798 2060 1867 Iustini
2090 1801 2406 1883 junioris.

1928 1896 2080 1964 ΑΕ.
2133 1894 2279 1964 RR.

2281 2087 2921 2159 NERONIAS.

1929 2277 2194 2343 Eadem
2306 2298 2460 2349 cum
2548 2280 3007 2370 praecedente
3118 2278 3359 2347 Caesa-

1834 2395 1957 2440 rea
1985 2422 2008 2453 ,
2080 2392 2315 2440 verum
2400 2379 2710 2464 Agrippa
2739 2378 2829 2446 11.
2882 2397 3005 2441 rex
3067 2377 3367 2442 Iudaeae

1839 2489 1994 2535 cnm
2052 2468 2297 2535 urbem
2372 2472 2703 2537 aedificiis
2747 2473 2961 2536 variis
3038 2474 3369 2552 ornasset,

1841 2582 1994 2627 eam
2066 2564 2139 2625 in
2213 2566 2507 2629 Neronia
2574 2567 2868 2651 gratiam
2945 2566 3377 2636 Neroniadem

1841 2656 2274 2747 appellavit,
2326 2672 2400 2725 ut
2429 2671 2667 2731 narrat
2695 2659 3021 2746 Iosephus
3065 2664 3153 2747 ⁸).
3346 2674 3353 2679 “

2462 2849 2704 2939 Regius
2718 2876 2744 2919 .-

1863 3089 1870 3096 -
1943 3011 2262 3119 aaron,
2302 3001 3199 3114 KAlersxssssAa'roa
3254 3045 3373 3114 ca-

1838 3151 1958 3226 put
1987 3143 2289 3210 Nar-onis.
2338 3147 2396 3215 ,π
2432 3142 2609 3205 ΕΠΙ.
2678 3146 3033 3210 ΒΑΣΙΛΕ.
3082 3145 3370 3209 Armu-

1843 3240 1993 3306 ΠΛ.
2032 3237 2454 3301 NEPssNlE.
2506 3239 2685 3303 intra
2730 3260 3028 3304 coronam
3078 3239 3224 3304 AE.
3251 3239 3376 3306 111.

1751 3379 1758 3386 .
1867 3385 1882 3392 -
1946 3332 2251 3396 Eundem
2298 3331 2478 3395 hune
2528 3352 2804 3398 numum
2862 3339 3006 3417 jam
3056 3334 3377 3419 vulgavit

1841 3427 2226 3494 Friilichius
2276 3416 2392 3509 f),
2425 3425 2536 3491 sed
2554 3429 3147 3511 putabatindicari
3166 3429 3371 3491 ludos

1843 3525 2150 3610 Νερωνιεα
2227 3520 2504 3587 favente
2582 3525 2723 3605 ejus
2770 3523 3134 3588 sententiae
3195 3535 3372 3608 typo

1845 3637 2168 3690 coronae.
2220 3616 2544 3701 vulgavit
2569 3619 2775 3682 etiam
2813 3618 3222 3683 Vaillantius
3245 3618 3308 3702 Β)
3349 3664 3372 3695 ,

1842 3713 1958 3782 [ed
2010 3714 2174 3798 legit
2224 3711 2577 3778 NEPssNl.
2652 3717 2762 3791 Γ.,
2837 3734 3046 3798 quare
3105 3714 3379 3799 putavit
3486 3721 3503 3728 “

1845 3809 2136 3876 indicari
2183 3827 2435 3872 annum
2484 3809 2774 3873 Neronis
2795 3810 2910 3874 ΙΙΙ.
2960 3813 3053 3872 At
3105 3810 3377 3873 Pelleri·

1846 3905 2037 3982 nius,
2090 3904 2501 3988 quinumum
2532 3901 2810 3968 restituit
2857 3896 2963 3986 ¹¹),
3024 3904 3183 3968 huic
3220 3925 3381 3969 eam

1846 3999 2225 4063 Neroniadi
2257 3995 2529 4074 tribuit,
2596 4011 2847 4081 atque,
2937 4010 3009 4060 ut
3058 4001 3379 4077 videtur,

1843 4098 2023 4178 jure:
2075 4094 2338 4158 namin
2394 4091 2729 4156 simillimo
2788 4092 3094 4173 ejusdem
3134 4096 3377 4180 Agrip·

1850 4210 1984 4276 pae
2029 4191 2125 4264 11.
2158 4189 2325 4253 ‘alio
2408 4189 2651 4276 legitur
2717 4188 3253 4253 TlBEPIEssN..
3285 4190 3380 4253 Vt

303 4407 368 4474 a)
411 4401 651 4473 Sylloge
663 4401 724 4534 el)
752 4419 819 4524 p.
847 4423 967 4531 {px
1041 4403 1101 4472 b)
1135 4402 1213 4457 ad
1259 4421 1470 4459 annum
1496 4405 1572 4462 V.
1608 4405 1671 4462 C.
1703 4412 1824 4470 778.
1933 4406 1982 4470 e)
2020 4404 2331 4459 Commeat.
2370 4399 2445 4454 ad
2475 4398 2677 4452 Matth.
2721 4415 2766 4450 e.
2806 4400 2888 4457 16.
2962 4396 3018 4464 d)
3057 4394 3148 4467 op
3194 4433 3207 4447 .
3248 4394 3382 4448 Seu.

212 4489 289 4614 ἱ)
317 4492 456 4555 907,-
970 4515 988 4539 .
1018 4489 1066 4528 e·
1098 4490 1154 4548 ⁹..
1189 4474 1242 4546 §-
1269 4486 1322 4538 4-

333 4543 486 4598 Rois
531 4554 589 4611 p.
625 4541 740 4607 176.

1491 4472 1535 4536 s>
1574 4472 1742 4544 Regg.
1779 4482 1904 4528 vett.
1932 4475 2088 4527 numi
2120 4488 2178 4545 p.
2216 4470 2331 4531 106·

2505 4471 2556 4541 g)
2597 4467 2761 4527 Num.
2781 4465 2979 4537 Graec,
3011 4453 3105 4521 sub
3193 4480 3384 4527 etone,
