4125 5500
739 592 878 642 210

744 769 1095 856 impendi,
1149 785 1354 850 quam
1390 775 1719 849 quantum
1751 762 2281 849 impendendum

745 864 976 929 fuerat
1011 862 1364 948 seligendis
1409 862 1630 933 numia
1659 905 1677 936 ,
1749 861 1865 944 qui
1915 859 2280 944 philologi·

752 982 865 1025 am
894 964 1163 1044 juvant,
1216 969 1286 1021 et
1320 977 1456 1020 non
1486 976 1646 1020 raro
1683 956 1982 1019 examini
2017 957 2285 1031 critice,

751 1076 905 1122 cum
943 1055 1132 1120 viros
1187 1055 1491 1117 eruditos
1537 1053 1605 1115 in
1639 1053 1872 1115 varias
1919 1050 2109 1114 abire
2143 1050 2283 1113 sen-

748 1153 999 1217 tentias
1036 1152 1231 1229 vidi,
1285 1149 1398 1212 sed
1429 1150 1618 1233 quod
1664 1147 1863 1233 saepe
1902 1144 2096 1210 fuiss'e
2134 1167 2285 1231 per-

754 1246 1109 1313 molestum
1139 1293 1158 1324 ,
1210 1246 1411 1332 saepe
1452 1247 1695 1330 exiguo
1725 1291 1744 1321 ,
1801 1258 1927 1309 aut
1956 1243 2143 1307 nullo
2185 1264 2285 1306 re-

752 1347 899 1409 lato
942 1341 1166 1408 fructu
1212 1343 1396 1429 longi
1429 1342 1688 1405 laboris
1732 1342 2033 1405 taedium
2069 1339 2285 1404 solan-

753 1452 867 1521 te,
921 1460 1008 1505 ex
1066 1438 1415 1525 praesente
1482 1456 1637 1501 meo
1682 1449 1932 1502 conatu
1982 1437 2286 1500 eruditus

758 1536 975 1603 lector
1011 1535 1221 1600 facile
1265 1534 1616 1622 intelliget.

1050 1710 1540 1797 SELEVC'VS
1568 1731 1631 1811 ζ.
1684 1730 1978 1797 Nicator.

857 1924 1075 1988 Natus
1126 1936 1325 2011 patre
1386 1924 1731 1988 Antiocho
1775 1917 2042 1986 illustris
2113 1918 2284 1982 inter

1766 558 2198 636 REGES
2319 546 2831 640 SYRiAE.

2363 761 2692 841 leucidis,
2743 763 2921 827 alias
2957 761 3170 839 alibi,
3221 761 3552 849 impositis
3594 767 3888 852 plerum-

2364 879 2494 943 que
2542 860 3126 947 appellationibus
3163 868 3271 923 ‘ex
3323 863 3710 928 nominibus
3784 884 3888 928 ur·

2366 954 2554 1018 bium
2591 957 2970 1042 patriarum
3003 957 3498 1034 Macedoniae,
3545 971 3624 1022 ut
3651 958 3891 1025 testan-

2365 1060 2477 1113 tur
2519 1054 2917 1139 AppianuS,
2971 1050 3035 1135 ⁸)
3103 1064 3171 1116 et
3235 1052 3587 1118 Libanius.
3636 1046 3704 1140 ι’)
3805 1063 3888 1123 V.

2370 1145 2445 1211 C.
2491 1152 2659 1227 463.
2706 1149 3134 1215 Demetrium
3190 1148 3652 1220 Poliorcetem‘
3710 1155 3893 1219 soce-

2369 1264 2520 1308 rum
2552 1244 2672 1309 sibi
2721 1247 3191 1311 adversantem
3244 1246 3312 1310 in
3347 1244 3752 1333 potestatem
3788 1272 3889 1315 re-

2371 1342 2585 1428 digit,
2635 1355 2705 1406 et
2748 1342 3020 1406 liberali
3053 1340 3358 1427 custodia
3398 1346 3690 1412 coercet.
3749 1348 3892 1412 .Vi.

2371 1449 2480 1501 cto
2524 1438 2862 1522 caesoque·
2889 1440 2975 1504 V.
2997 1437 3073 1506 C.
3107 1430 3271 1521 472.
3309 1441 3384 1503 in
3412 1442 3719 1530 Phrygia
3751 1444 3893 1530 Ly-

2369 1532 2664 1598 simacho
2712 1536 3087 1599 Thraciam
3126 1546 3194 1598 et
3238 1537 3728 1604 Macedoniam
3774 1540 3892 1606 fibi

2368 1630 2682 1715 subjicit,
2737 1643 2804 1696 et
2843 1643 2994 1696 toto
3032 1629 3177 1696 fere
3213 1632 3589 1700 Alexandri
3627 1639 3722 1704 M.
3770 1639 3893 1701 im-

2363 1729 2557 1813 perio
2579 1727 2872 1814 potitur,
2914 1726 2960 1790 fi
2988 1728 3381 1816 Aegyptum
3420 1733 3689 1812 demas,
3743 1756 3896 1800 cum

2367 1824 2878 1909 Hellespontum
2975 1826 3466 1891 Macedoniam
3557 1833 3892 1917 petiturus

2365 1923 2892 1999 transmitteret,
2979 1941 3023 1984 a
3093 1921 3499 1989 Ptolemaeo
3583 1924 3891 1992 Cerauno

757 2020 1061 2106 Philippi
1093 2020 1177 2085 ΙΙ.
1211 2020 1417 2084 duces
1454 2022 1747 2083 nominis
1771 2068 1789 2097 ,
1844 2026 2062 2081 matre
2105 2015 2286 2078 Lao·
2367 2013 2750 2080 Ptolemaei
2792 2016 3050 2081 Soteris
3083 2017 3161 2081 F.
3214 2032 3379 2083 natu
3451 2026 3718 2106 majore
3750 2044 3894 2111 per·

756 2118 950 2194 dice,
1003 2115 1470 2178 Alexandrum
1509 2115 1598 2178 ad
1637 2115 1822 2178 bella
1868 2110 2134 2177 Persica
2188 2111 2285 2174 se·
2357 2108 2501 2175 fide
2542 2112 2940 2176 interficitur
2976 2116 3060 2177 V.
3111 2112 3187 2178 C.
3229 2127 3397 2197 473.

757 2224 950 2277 cutus
974 2260 992 2289 ,
1043 2211 1179 2275 hoc
1207 2213 1291 2277 V.
1339 2209 1417 2275 C.
1447 2223 1611 2294 430.
1642 2224 1953 2285 mortuo,
2006 2211 2285 2291 ejusque

756 2309 1041 2372 ducibus
1074 2305 1298 2371 vastas
1357 2310 1496 2388 ejus
1540 2307 1936 2392 provincias
1992 2303 2286 2382 sortitis,
2329 2382 2342 2391 .

757 2406 1060 2490 equitum
1102 2401 1646 2489 praefecturam,
1732 2423 1812 2467 ac
1862 2399 2100 2489 paullo
2145 2396 2290 2486 post

759 2499 1224 2582 Babyloniam
1260 2500 1626 2584 regendam
1669 2500 1957 2584 accepit.
2056 2495 2291 2558 Pulsus

762 2595 922 2659 inde
960 2595 1050 2659 ab
1083 2595 1426 2680 Antigono
1464 2597 1548 2659 V.
1590 2592 1666 2657 C.
1716 2607 1886 2679 439.
1929 2593 2019 2657 ad
2067 2588 2291 2655 Ptole·

757 2711 1033 2757 maeum
1078 2692 1147 2757 in
1175 2693 1566 2778 aegyptum
1618 2689 1982 2778 profugus,
2080 2690 2292 2775 impe-

760 2790 961 2853 tratis
990 2788 1081 2854 ab
1115 2788 1251 2853 hoc
1293 2789 1571 2853 auxiliis
1607 2789 1673 2851 in
1698 2787 2160 2872 Babyloniam
2193 2807 2294 2850 re-

764 2887 905 2951 dux
934 2935 954 2966 ,
1006 2887 1197 2951 victo
1265 2887 1589 2971 Antigoni
1656 2885 1893 2969 legato
1948 2885 2293 2947 Nicanore

765 2984 1004 3050 amiss'a
1048 2992 1433 3065 recuperat,
1485 3000 1531 3042 a
1572 2999 1709 3063 qua
1739 2978 2038 3042 victoria
2072 2981 2294 3041 dictus

772 3077 861 3141 est
913 3082 1252 3159 Naexoerwp,
1311 3075 1383 3143 V
1379 3078 1543 3140 ictor
1574 3122 1594 3153 ,
1662 3071 2019 3137 constituta
2090 3074 2298 3136 etiam

766 3171 1024 3235 celebri
1056 3169 1569 3234 Seleucidarum
1610 3177 1807 3245 aera,
1860 3188 2036 3251 quae
2066 3171 2307 3255 incipit

777 3266 869 3330 ab
915 3277 1239 3330 autumno
1304 3266 1615 3349 ejusdem
1657 3265 1811 3329 anui
1874 3267 1955 3327 V.
2011 3263 2090 3329 C.
2137 3277 2303 3343 442.

775 3365 864 3429 A.
900 3365 976 3427 X.
1011 3380 1179 3446 312.
1201 3409 1221 3440 ,
1277 3382 1413 3446 quo
1446 3360 1619 3426 haec
1639 3373 1916 3448 patrata
1949 3361 2118 3425 sunt.
2169 3365 2305 3426 An-

774 3460 1011 3547 tigono
1038 3506 1058 3536 ,
1115 3462 1387 3545 ejusque
1429 3458 1570 3523 filio
1606 3458 1964 3523 Demetrio
2001 3456 2154 3546 post
2187 3479 2305 3523 na-

773 3558 1001 3621 valem
1036 3559 1126 3619 ad
1176 3555 1484 3641 Cyprum
1521 3555 1888 3619 victoriam
1930 3557 1999 3619 in
2054 3576 2302 3624 nomen

774 3656 1035 3740 regium
1070 3672 1152 3716 ac
1187 3652 1513 3715 diadema
1567 3652 2039 3715 involantibus
2088 3654 2174 3716 V.
2220 3652 2303 3717 C.

770 3761 940 3826 443.
963 3794 987 3824 ,
1042 3747 1363 3812 Seleucus
1390 3765 1663 3831 quoque
1697 3767 1927 3833 regem
1964 3746 2026 3810 se
2065 3748 2299 3834 appel-

770 3844 893 3907 lat.
996 3842 1200 3907 Moto
1241 3845 1307 3907 in
1344 3845 1761 3929 Antigonum
1811 3863 1964 3906 cum
2025 3847 2299 3930 regibus

772 3937 1151 4019 foederatis
1191 3940 1401 4019 bello,
1462 3960 1683 4024 eoque
1720 3942 1811 4004 ad
1834 3940 2059 4026 Ipsum
2085 3943 2303 4034 Phry·

782 4036 936 4121 gilae
972 4038 1157 4104 victo
1197 4040 1278 4100 V..
1309 4036 1391 4102 C.
1429 4049 1597 4124 453.
1621 4084 1642 4114 ,
1696 4037 1967 4120 Syriam
2014 4050 2083 4103 et
2109 4039 2304 4104 Aliae

666 4195 677 4200 -
766 4134 1061 4197 minoris
1100 4146 1369 4219 partem
1409 4133 1635 4200 aufert
1661 4183 1681 4212 ,
1733 4135 2054 4223 deinceps
2095 4139 2164 4200 iu
2182 4136 2306 4220 Sy·

768 4230 875 4292 ria
914 4242 1211 4315 quatuor
1272 4231 1472 4295 urbes
1538 4230 1819 4295 sorores·
1856 4234 2138 4317 tundit,
2214 4234 2300 4295 de

775 4327 1023 4410 quibus
1068 4345 1347 4412 agemus
1412 4326 1529 4390 sub
1570 4327 1837 4390 initium
1879 4328 2148 4392 urbium
2185 4327 2300 4392 Se-

2467 2202 2661 2273 onr
2709 2206 2761 2271 1.
2801 2210 3051 2294 Apanoe
3084 2211 3417 2275 Artabazi
3466 2215 3710 2279 Persae
3760 2217 3842 2280 F.
3876 2267 3898 2296 ,

2373 2322 2459 2366 ex
2513 2323 2651 2388 qua
2685 2312 2883 2369 natus
2940 2307 3322 2370 Antiochus
3374 2309 3462 2385 1„
3548 2312 3664 2394 qui
3749 2311 3892 2376 suc·

2375 2400 2588 2463 cessit.
2642 2401 2727 2463 II.
2779 2402 3120 2487 Amynta
3151 2401 3586 2469 Sandrocotti
3653 2407 3900 2472 Indiae

2373 2498 2550 2581 regis
2589 2495 2756 2560 filia.
2841 2498 3206 2575 (Strabo.)
3309 2499 3430 2565 111.
3551 2503 3916 2569 Stratonice

2374 2591 2708 2656 Demetrii
2746 2594 3152 2659 Polion-cetis
3194 2595 3342 2661 filia
3363 2646 3384 2676 ,
3462 2619 3676 2686 quam
3715 2600 3897 2665 cess'e-

2379 2700 2491 2754 rat
2536 2689 2679 2755 filio
2717 2693 2997 2776 petenti,
3049 2705 3125 2758 ut
3167 2694 3454 2760 dicetur.

3127 2791 3156 2824 ἢ

2945 2840 2975 2872 t
3303 2841 3334 2874 fl

2479 2883 2684 2947 Multi
2741 2884 3000 2950 exstant
3053 2889 3241 2951 numi
3297 2889 3603 2977 inscripti
3682 2893 3890 2957 ΒΛΣῙ·

2381 2982 2654 3046 ΛΕΩΣ.
2691 2981 3214 3049 ΣΕΛΕΤΚΟΤ.
3261 2983 3526 3071 absque
3586 2990 3764 3075 regis
3793 3007 3891 3053 ca-

2388 3077 2578 3162 pite,
2625 3088 2746 3141 aut
2794 3081 3106 3166 epitheto
3138 3081 3527 3147 honorifico
3553 3133 3573 3162 ‚
3633 3095 3744 3149 aut
3786 3105 3892 3147 ae·

2387 3191 2508 3235 rae
2546 3176 2740 3237 annis
2775 3176 2984 3262 (nam
3032 3177 3106 3240 hi
3150 3177 3357 3242 serius
3407 3184 3636 3246 numis
3689 3181 3902 3245 inserti

2386 3267 2570 3347 sunt)
2624 3283 2745 3334 aut
2787 3293 3192 3359 quocunque
3220 3276 3363 3339 alio
3391 3278 3700 3356 etherio,
3730 3278 3906 3365 quod

2389 3364 2667 3430 doceret
2698 3413 2720 3445 ,
2793 3370 2902 3432 cui
2991 3392 3077 3433 ex
3169 3371 3476 3459 pluribus
3571 3376 3904 3452 Sele-ucis,

2385 3464 2760 3548 praecipue
2806 3470 2924 3550 qui
2941 3468 3223 3554 priores
3277 3467 3554 3536 fuerunt
3610 3473 3742 3536 hoc
3789 3487 3909 3535 no-

2386 3557 2568 3622 mine
2596 3559 2842 3643 Syriae
2872 3577 3095 3653 reges,
3127 3564 3250 3629 flnt
3273 3565 3651 3646 tribuendi,
3704 3588 3916 3655 quam

2386 3651 2517 3718 diff
2517 3655 2863 3721 icultatem
2892 3663 3036 3744 jam
3060 3681 3403 3747 agnovere
3419 3663 3830 3742 FriilichiuS,
3849 3662 3919 3745 Φ)

2384 3764 2452 3816 et
2500 3750 2922 3820 Pellerinius.
2976 3749 3042 3839 ιι)
3141 3759 3378 3823 Placet
3442 3764 3651 3848 igitur
3716 3762 3922 3826 binas

2383 3867 2748 3914 numerum
2844 3852 3076 3918 class'es
3150 3854 3477 3939 subjicere
3513 3908 3533 3937 ,
3626 3879 3923 3943 quarum

2385 3946 2614 4033 prima
2655 3950 3032 4013 continebit
3074 3969 3320 4016 numos
3359 3953 3627 4019 Seleuci
3666 3957 3719 4019 1.
3770 3973 3952 4019 cer-·

2387 4056 2537 4119 tos,
2592 4055 2714 4106 aut
2745 4065 2918 4130 (pios
2972 4046 3072 4112 illi
3114 4049 3460 4135 probabili
3521 4057 3972 4135 conjecturae

2388 4139 2694 4218 tribuas,
2765 4142 2982 4207 altera
3039 4145 3308 4240 Seleuci
3369 4145 3754 4237 cujuspiam'
3821 4151 3931 4216 in-

2385 4249 2576 4299 certi.

776 4502 3942 4557 --·--—--——--———-———-——-------.......—.

852 4554 909 4616 a)
946 4551 1068 4610 Bel.
1107 4552 1227 4621 Syr.
1260 4570 1318 4623 p.
1350 4573 1423 4609 m.
1461 4571 1578 4626 125.

776 4620 833 4691 d)
874 4621 1029 4679 Rois.
1065 4637 1121 4693 p.
1159 4639 1247 4689 59.

1812 4558 1871 4625 b)
1912 4561 1968 4610 in
2005 4559 2331 4614 Antiochii-o
2361 4564 2429 4617 T.
2463 4566 2536 4619 11.
2584 4583 2641 4641 p.
2669 4581 2790 4642 352.

3036 4578 3083 4642 c)
3123 4575 3334 4652 Proleg.
3370 4580 3446 4637 ad
3480 4583 3699 4669 Annal.
3733 4603 3803 4658 p.
3851 4603 3954 4654 4⁸·
