4125 5500
771 565 910 639 298

753 747 1104 834 Deinceps
1164 749 1231 811 in
1280 758 1588 813 monet&
1612 747 2048 814 Antiochena
2104 749 2284 814 mira

755 843 1219 932 perturbatio,
1271 842 1381 909 seu
1418 864 1543 931 per
1592 846 1940 925 evidentia
1971 859 2282 912 moneta·

761 943 1018 1005 riorum
1072 953 1405 1030 peccata,
1453 943 1565 1007 seu
1620 961 1747 1029 per
1795 939 2077 1007 abusum
2134 946 2279 1027 ejus

754 1037 936 1101 tituli
959 1083 984 1111 ,
1030 1051 1109 1103 ut
1143 1036 1237 1111 ad
1266 1056 1512 1104 numos
1547 1039 1729 1127 ipsos
1753 1035 1912 1102 inde
1951 1058 1996 1102 a
2025 1039 2277 1104 Macri·

756 1154 845 1198 no
887 1136 1336 1201 advertimus.
1433 1139 1530 1201 At
1565 1136 1719 1227 qui:
1765 1128 2013 1199 deinde
2054 1135 2275 1199 sensus

754 1222 1136 1299 litterarum
1171 1235 1252 1298 A.
1285 1233 1370 1298 Ε.
1399 1279 1422 1311 ,
1501 1252 1679 1319 quae
1731 1250 1870 1295 non
1947 1234 2161 1297 modo
2206 1232 2276 1296 in

747 1329 972 1395 numia
1003 1330 1234 1393 aeneis
1267 1343 1436 1395 nota
1476 1328 1546 1394 8.
1620 1326 1704 1394 C.
1749 1325 2153 1414 iniignibus,
2206 1338 2276 1393 et

739 1423 1000 1489 deinde
1045 1425 1119 1490 in
1170 1426 1394 1491 numia
1437 1423 1847 1491 Antiochiae
1907 1425 2223 1490 coloniae
2250 1471 2272 1503 ,

753 1521 839 1585 de
892 1515 1138 1605 quibua
1219 1535 1458 1609 agetur
1510 1521 1738 1610 capite
1791 1519 1918 1584 111.
1975 1533 2043 1583 et
2098 1520 2217 1587 lv.
2251 1566 2275 1598 ,

754 1619 910 1682 inde
955 1638 1002 1683 a
1045 1616 1414 1695 Caracalla
1451 1615 1595 1683 fere
1658 1616 1806 1682 sunt
1853 1630 2227 1709 perpetuae
2250 1662 2271 1697 ,

727 1713 868 1779 ‘sed
900 1716 1114 1781 etiam
1160 1713 1419 1782 exstant
1443 1717 1516 1779 in
1544 1713 1883 1779 nonnullis
1904 1714 2274 1800 praesentis

753 1810 1034 1890 classis,
1082 1822 1159 1877 ut
1190 1816 1262 1877 in
1303 1814 1525 1877 numia
1583 1810 1880 1875 Macrini
1915 1822 1983 1874 et
2024 1809 2271 1897 Elaga-

753 1905 897 1973 bali
916 1911 945 1971 ἲ
993 1910 1134 1975 Eat
1160 1907 1509 1973 Tristanus
1541 1907 1705 1993 legit
1736 1910 2148 1991 Δημαρχικης
2184 1907 2274 1972 E·

753 2012 965 2088 ξεσιας
985 2054 1006 2084 ,
1057 2004 1427 2072 tribuniciae
1468 2002 1824 2092 potestatis,
1875 2016 1945 2066 et
2001 2002 2277 2066 titulum

754 2100 933 2167 hunc
992 2103 1084 2167 ad
1145 2104 1634 2190 imperatorem
1691 2096 1916 2163 refert.
1971 2097 2036 2182 ⁸)
2152 2100 2277 2165 Vir

758 2199 1061 2265 eruditus
1115 2217 1361 2263 numos
1420 2197 1620 2281 hujus
1691 2195 1920 2261 classis
1969 2208 2103 2267 ‚aut
2142 2215 2279 2261 non

754 2295 967 2374 vidit,
1020 2307 1145 2360 aut
1177 2295 1271 2359 ad
1315 2312 1434 2359 eos
1482 2294 1784 2359 animum
1843 2310 1982 2356 non
2033 2294 2277 2357 adver·

637 2444 646 2451 .
753 2392 881 2471 tit,
931 2394 1001 2457 in
1036 2392 1281 2477 quibus
1325 2390 1592 2456 litterae
1640 2391 1719 2455 A.
1782 2386 1863 2451 E.
1919 2401 2277 2470 notantur,

755 2490 966 2554 etiam
1002 2509 1158 2555 cum
1202 2488 1272 2552 in
1318 2486 1402 2553 iis
1465 2480 1810 2571 scriptum'
1851 2486 1998 2567 jam
2032 2484 2285 2571 legitur

754 2584 1362 2653 AHMAPXIKHC.
1393 2581 1844 2653 Ezorcmc.
1946 2579 2284 2666 Quorsum

760 2701 922 2772 ergo
959 2681 1179 2748 otiosa
1212 2682 1387 2747 haec
1444 2680 1873 2765 tautologia?
1970 2674 2282 2745 Eandem

747 2776 1116 2848 lectionem
1147 2777 1440 2866 sequitur
1477 2780 1689 2843 etiam
1733 2775 2099 2843 Bimardus
2123 2824 2150 2856 ,
2197 2798 2282 2852 ac

751 2890 1114 2968 praeterea
1145 2879 1290 2959 eiua
1329 2875 1604 2940 causam
1641 2870 1905 2954 adfert,
1956 2871 2280 2939 Caracal-

757 2974 900 3038 lam
937 2978 1086 3057 jure
1118 2969 1277 3037 trib.
1321 2967 1673 3058 potestatis
1713 2965 2126 3034 Antiochiae
2178 2990 2279 3035 re-

755 3067 1022 3133 stituiss‘e
1067 3067 1431 3154 privilegia
1461 3087 1509 3130 a
1547 3065 1804 3130 Severo
1840 3066 2194 3150 adempta.
2213 3056 2278 3154 ¹³)

754 3168 851 3230 At
886 3166 1064 3227 enim
1093 3155 1780 3248 praeterquamquod
1811 3160 2144 3226 Bimardo
2181 3181 2280 3226 re·

753 3259 1070 3347 sponderi
1124 3258 1308 3324 idem
1360 3256 1576 3345 potest
1605 3306 1626 3338 ,
1674 3258 1863 3343 quod
1906 3252 2223 3323 Tristano
2256 3305 2281 3337 ,

755 3356 1124 3445 privilegia
1182 3353 1336 3421 urbi
1394 3352 1772 3421 restituerat
1826 3353 2014 3418 idem
2050 3401 2073 3432 ,
2165 3353 2282 3440 qui

633 3477 646 3484 ·
754 3454 1170 3531 ademerat„
1198 3451 1490 3518 Severus
1511 3501 1531 3530 ,
1583 3445 1827 3520 deinde
1859 3451 2145 3517 eaedem
2176 3451 2282 3520 lit·

752 3564 941 3616 terae
989 3555 1070 3617 A.
1124 3550 1205 3613 Ε.
1266 3548 1576 3636 leguntur
1645 3549 1854 3614 etiam
1907 3548 1979 3613 in
2055 3541 2282 3614 numia

755 3648 1149 3712 Laodiceae
1182 3645 1519 3724 coloniae,
1543 3646 1706 3729 quin
1733 3656 1966 3708 tamen
2001 3643 2282 3726 constet,

756 3745 1245 3828 imperatorem
1285 3741 1651 3826 quemdam
1678 3733 1826 3824 jure
1855 3741 2053 3825 hujus
2090 3750 2280 3830 pote·

761 3835 944 3902 statis
983 3837 1047 3903 ei
1078 3836 1442 3926 privilegia
1467 3849 1588 3901 aut
1623 3835 1963 3915 tribuiss'e,
2015 3851 2137 3904 aut
2175 3858 2283 3902 re-

761 3931 1050 4000 stituiss'e.
1147 3933 1559 3999 vafflantius
1607 3951 1728 3999 ean
1773 3929 2100 4022 legendas
2138 3933 2283 4022 qui-

757 4032 917 4098 dem
951 4033 1156 4098 docet
1187 4027 1597 4120 Δημαρχικης
1641 4029 1912 4110 Εευσιας
1935 4080 1956 4111 ,
2008 4027 2121 4096 sed
2155 4030 2241 4096 fic
2262 4077 2281 4099 .

760 4141 833 4194 ut
865 4149 952 4194 ea
987 4127 1205 4204 verba
1234 4148 1374 4194 non
1421 4129 1515 4193 ad
1557 4126 2040 4214 imperatorem
2074 4176 2095 4207 ,
2170 4119 2283 4192 sed

761 4227 873 4295 ad'
940 4226 1271 4314 populum
1354 4223 1561 4290 Rom.
1626 4222 1882 4290 referat
1921 4273 1942 4304 ,
1992 4244 2281 4310 nempe,

762 4320 1352 4411 quemadmodum
1401 4319 1698 4386 facultas
1743 4321 2094 4410 cudendae
2138 4338 2280 4382 mo·

1661 543 2323 627 SELEVCIS
2372 598 2431 659 „
2496 544 2979 629 PIERIA.

2370 759 2571 812 netae
2606 749 3049 817 Antiochenis
3078 771 3121 815 a
3157 750 3389 816 senatu
3421 749 3681 817 collata
3724 752 3898 819 indi·

2368 840 2565 908 ca'tur
2593 847 2835 911 litteris
2866 847 2938 912 8.
2984 846 3104 926 C.,
3156 845 3243 913 fic
3287 842 3620 913 collatam
3672 869 3721 913 a
3770 870 3899 937 po·

2362 940 2533 1026 pulo
2558 942 2853 1031 indicari
2890 943 3132 1008 litteris
3172 945 3357 1010 A.E.
3391 945 3465 1008 id
3504 942 3634 1008 est:
3676 968 3897 1033 popu-

2365 1037 2413 1100 u
2448 1043 2850 1119 monitate,
2901 1040 3017 1105 vel
3029 1039 3226 1131 juffu.
3326 1038 3507 1104 Istud
3544 1061 3704 1107 cum
3735 1064 3901 1131 pro-

2362 1132 2593 1217 babile
2625 1135 2837 1201 visum
2904 1135 2981 1200 [it
3048 1139 3201 1204 viro
3268 1137 3568 1215 eximio,
3618 1139 3899 1223 causam

2363 1232 2574 1295 etiam
2598 1231 2799 1297 nobis
2820 1234 3099 1312 indicet,
3129 1235 3188 1300 Ι.
3218 1253 3340 1317 cur
3360 1232 3494 1297 hae
3528 1233 3802 1302 litterae
3822 1239 3893 1302 in

2361 1326 2553 1391 nulla
2585 1341 2901 1417 monetae
2925 1329 3396 1396 Antiochenae
3430 1328 3629 1394 class'e
3660 1331 3894 1419 legan-

2360 1438 2471 1489 tur
2510 1438 2669 1490 ante
2712 1423 3201 1492 caracallam?
3249 1446 3355 1513 an,
3390 1438 3537 1490 tum
3594 1429 3897 1514 primum

2362 1508 2647 1586 ac'cessit
2675 1521 2919 1609 populi
2971 1523 3349 1589 auctoritas
3371 1526 3404 1587 '2'
3466 1523 3561 1587 11.
3592 1527 3705 1588 An
3739 1546 3891 1612 pro·

2362 1616 2679 1697 baverit,
2731 1639 2823 1683 ex
2863 1637 3002 1706 quo
3057 1620 3513 1708 imperatores
3593 1620 3669 1684 in
3733 1623 3897 1694 trib.

2362 1710 2767 1800 potestatem
2818 1715 3221 1783 involavere
3248 1764 3271 1798 ,
3340 1736 3553 1804 quam
3602 1717 3893 1783 Tacitus

2340 1811 2575 1893 summi
2619 1810 2877 1900 fastigii
2934 1811 3301 1880 vocabulum
3350 1812 3737 1903 appellavit
3758 1862 3781 1894 ,
3832 1814 3894 1895 ⁸³)

2364 1906 2698 1993 populum
2736 1908 3001 1995 aliquid
3047 1910 3324 1975 nomine
3352 1909 3517 1975 trib.
3544 1907 3894 1996 potestatis

2362 2001 2664 2068 sciviss'e?
2714 2006 2825 2069 An
2866 2024 3034 2071 vero
3073 2007 3287 2071 etiam
3324 2005 3531 2073 stante
3567 2026 3714 2091 rep.
3772 2027 3892 2093 po-

2364 2101 2568 2186 pulus
2601 2099 2863 2189 aliquid
2897 2101 3031 2167 hac
3066 2101 3371 2167 formula
3406 2101 3648 2167 scivit?
3696 2103 3891 2189 Legi-

2365 2216 2516 2261 mus
2543 2198 2618 2262 in
2665 2197 2887 2264 numia
2908 2244 2951 2287 ,ο
3001 2200 3392 2263 Octaviano
3445 2196 3716 2263 Caesari
3770 2196 3893 2263 sta-

2365 2307 2553 2359 tuam
2579 2294 2883 2359 dicatam
2905 2293 3265 2381 POPVLJ.
3286 2293 3589 2369 lvssv.‚
3638 2305 3718 2357 at
3744 2312 3896 2358 non

2365 2388 2522 2455 trib.
2561 2387 2919 2476 potestate.
3016 2390 3141 2454 ΙΙΙ.
3190 2388 3268 2454 Si
3297 2411 3415 2455 eae
3465 2389 3737 2453 litterae
3788 2391 3891 2454 in·

2369 2488 2605 2552 dicant
2631 2488 3115 2551 auctoritatem
3136 2487 3377 2574 populi
3414 2486 3740 2563 Romani,
3776 2505 3892 2552 cur

2358 2604 2457 2673 ‚ea
2492 2583 2895 2670 exprimitur
2938 2583 3256 2649 oratione
3305 2580 3613 2662 Graeca,
3683 2602 3891 2667 quan·

2326 2688 2343 2705 ·
2370 2681 2463 2745 do
2500 2680 2877 2752 auctoritas
2913 2677 3179 2745 senatus
3224 2681 3632 2768 exprimitur
3666 2680 3891 2744 verbis

2367 2775 2635 2844 Latinis
2672 2774 2739 2840 S.
2789 2772 2915 2842 CR
2961 2774 3283 2841 Abstineo
3316 2775 3655 2863 pluribus.
3722 2777 3887 2841 Har·

2369 2863 2612 2940 duin'us
2643 2870 2847 2958 legite
2897 2876 3077 2955 Δημυ
3132 2872 3369 2961 Evam,
3427 2873 3649 2960 populi
3691 2892 3889 2958 roga-

2366 2980 2475 3052 tu,
2523 2960 2589 3051 ὅ)
2639 2967 2750 3031 sed
2793 2970 3031 3033 taedet
3062 2966 3303 3033 flmilia
3338 2967 3664 3033 refutare.
3763 2970 3882 3032 Ve-

2367 3086 2518 3130 rum
2547 3075 2622 3128 ut
2662 3057 2869 3128 facile
2931 3059 3021 3128 est
3068 3062 3242 3129 haec
3286 3065 3731 3152 impugnare,
3807 3062 3889 3129 fic

2366 3159 2672 3226 sufficere
2709 3160 2974 3246 aliquid
3010 3160 3335 3225 idoneum
3378 3180 3518 3226 non
3554 3162 3684 3226 ess‘e
3711 3180 3889 3226 mea·

2366 3277 2519 3323 rum
2555 3255 2805 3322 virium
2829 3303 2850 3335 ,
2903 3256 3194 3323 candide
3239 3256 3601 3344 profiteor.

2464 3353 2533 3419 8.
2575 3349 2654 3418 C.
2721 3352 2795 3417 in
2859 3352 3211 3439 praesente
3274 3363 3641 3418 numoruin
3696 3351 3892 3418 claffe

2368 3449 2677 3518 scribitur
2734 3448 2893 3513 inde
2946 3470 2995 3514 a
3046 3446 3400 3515 Gordiano
3476 3449 3638 3530 111„
3702 3463 3779 3515 at
3822 3451 3893 3514 in

2369 3546 2569 3612 claffe
2624 3545 2937 3632 sequente
2987 3562 3359 3611 aeneorum
3399 3550 3544 3628 jam
3591 3548 3750 3612 inde
3802 3545 3891 3610 ab

2369 3639 2705 3734 Augusto,
2752 3660 2840 3707 ac
2885 3654 3219 3729 perpetuo
3256 3644 3328 3707 in
3376 3645 3600 3708 numia
3654 3643 3895 3708 Antio-

2369 3738 2567 3804 chiae
2600 3727 2935 3807 coloniae.
3036 3738 3189 3803 Hae
3236 3751 3444 3805 notae
3489 3739 3745 3827 passim
3802 3739 3897 3803 ad

2370 3835 2696 3901 collatam
2731 3834 3009 3902 Senatus
3040 3834 3322 3921 Consulto
3360 3835 3721 3904 feriundae
3754 3855 3896 3900 mo·

2370 3945 2571 3996 netae
2619 3927 3024 4019 potestatem
3095 3927 3505 3997 referuntur.
3622 3930 3802 3998 Istud
3849 3927 3897 3996 fi
4028 3955 4035 3962 ·

2369 4048 2608 4094 verum
2629 4075 2651 4107 ‚
2734 4028 2925 4112 quod
3002 4046 3439 4113 nequaquam
3521 4031 3902 4120 impugno,

2348 4127 2620 4218 ‘mirum
2662 4121 2976 4211 profecto
2995 4171 3017 4203 ,
3049 4123 3225 4200 ‚solis
3302 4125 3754 4190 Antiochenis
3800 4125 3897 4189 ad

2368 4217 2757 4286 feriundam
2821 4234 3172 4288 monetam
3239 4218 3505 4286 senatus
3594 4219 3897 4287 consulto

2342 4305 2548 4408 :oopus
2576 4313 2807 4406 fuiss'e.
2891 4317 3093 4383 Aliae
3144 4315 3351 4383 urbes
3402 4322 3549 4404 ejus
3601 4317 3722 4382 fibi
3788 4314 3896 4402 fi?

717 4506 3908 4550 ...W

843 4543 914 4662 ι)Ι
940 4541 1373 4664 Commeat-31⁸..
1399 4590 1481 4654 11.
1516 4606 1575 4667 p.
1613 4605 1735 4664 ‘²⁹5-

768 4664 880 4723 reu.
916 4682 980 4741 p.
1018 4680 1104 4762 19.¹
1125 4662 1358 4736 Ῥέπει.

1841 4621 1850 4631 ·
1929 4589 1990 4658 h)
2029 4587 2123 4649 Ad
2158 4584 2279 4645 lob.
2314 4588 2390 4655 Τ,
2429 4588 2502 4652 11.
2541 4605 2601 4662 p,
2638 4603 2759 4645 aaa.

2936 4589 3018 4660 ·c)
3055 4588 3208 4646 Ann-
3239 4588 3346 4646 m.
3379 4590 3476 4662 560
3650 4587 3715 4656 Q
3750 4585 3919 4664 021³.
