<?xml version="1.0" encoding="UTF-8"?>
<!DOCTYPE html PUBLIC "-//W3C//DTD XHTML 1.0 Transitional//EN"
    "http://www.w3.org/TR/xhtml1/DTD/xhtml1-transitional.dtd">
<html xmlns="http://www.w3.org/1999/xhtml" xml:lang="en" lang="en">
 <head>
  <title>
</title>
<meta http-equiv="Content-Type" content="text/html;charset=utf-8" />
  <meta name='ocr-system' content='tesseract 3.04.00' />
  <meta name='ocr-capabilities' content='ocr_page ocr_carea ocr_par ocr_line ocrx_word'/>
</head>
<body>
  <div class='ocr_page' id='page_1' title='image "./doctrinanumorum10unkngoog_0309.png"; bbox 0 0 4125 5500; ppageno 0'>
   <div class='ocr_carea' id='block_1_1' title="bbox 1198 568 2517 707">
    <p class='ocr_par' dir='ltr' id='par_1_1' title="bbox 1198 568 2517 707">
     <span class='ocr_line' id='line_1_1' title="bbox 1198 568 2517 707; baseline -0.003 -27"><span class='ocrx_word' id='word_1_1' title='bbox 1198 568 1936 707; x_wconf 69' lang='lat' dir='ltr'><strong>sELE&#39;chS,</strong></span> <span class='ocrx_word' id='word_1_2' title='bbox 2035 601 2517 680; x_wconf 82' lang='lat' dir='ltr'><strong>PIERIA.</strong></span> 
     </span>
    </p>
   </div>
   <div class='ocr_carea' id='block_1_2' title="bbox 271 804 1823 1677">
    <p class='ocr_par' dir='ltr' id='par_1_2' title="bbox 271 804 1823 1677">
     <span class='ocr_line' id='line_1_2' title="bbox 294 804 1814 899; baseline -0.009 -16"><span class='ocrx_word' id='word_1_3' title='bbox 294 827 477 884; x_wconf 80' lang='lat' dir='ltr'><strong>etam</strong></span> <span class='ocrx_word' id='word_1_4' title='bbox 505 810 779 899; x_wconf 86' lang='lat' dir='ltr'><strong>copiam</strong></span> <span class='ocrx_word' id='word_1_5' title='bbox 807 805 1257 877; x_wconf 82' lang='lat' dir='ltr'><strong>PERMISSV</strong></span> <span class='ocrx_word' id='word_1_6' title='bbox 1273 804 1582 895; x_wconf 75' lang='lat' dir='ltr'><strong>AVGufli</strong></span> <span class='ocrx_word' id='word_1_7' title='bbox 1603 809 1814 890; x_wconf 84' lang='lat' dir='ltr'><strong>jacta·</strong></span> 
     </span>
     <span class='ocr_line' id='line_1_3' title="bbox 290 903 1818 991; baseline -0.009 -12"><span class='ocrx_word' id='word_1_8' title='bbox 290 914 459 980; x_wconf 87' lang='lat' dir='ltr'><strong>bant</strong></span> <span class='ocrx_word' id='word_1_9' title='bbox 482 957 503 990; x_wconf 94' lang='lat'><strong>,</strong></span> <span class='ocrx_word' id='word_1_10' title='bbox 557 920 631 972; x_wconf 92' lang='lat' dir='ltr'><strong>ut</strong></span> <span class='ocrx_word' id='word_1_11' title='bbox 665 906 921 970; x_wconf 86' lang='lat' dir='ltr'><strong>multae</strong></span> <span class='ocrx_word' id='word_1_12' title='bbox 959 904 1275 969; x_wconf 89' lang='lat' dir='ltr'><strong>coloniae</strong></span> <span class='ocrx_word' id='word_1_13' title='bbox 1309 903 1818 991; x_wconf 84' lang='lat' dir='ltr'><strong>Hispanienses;</strong></span> 
     </span>
     <span class='ocr_line' id='line_1_4' title="bbox 285 992 1815 1087; baseline -0.01 -10"><span class='ocrx_word' id='word_1_14' title='bbox 285 1005 639 1077; x_wconf 83' lang='lat' dir='ltr'><strong>Patrenses</strong></span> <span class='ocrx_word' id='word_1_15' title='bbox 695 992 1006 1067; x_wconf 80' lang='lat' dir='ltr'><strong>Achaiae</strong></span> <span class='ocrx_word' id='word_1_16' title='bbox 1069 1002 1426 1087; x_wconf 80' lang='lat' dir='ltr'>scripsere:</span> <span class='ocrx_word' id='word_1_17' title='bbox 1500 998 1815 1065; x_wconf 79' lang='lat' dir='ltr'>INDVL-</span> 
     </span>
     <span class='ocr_line' id='line_1_5' title="bbox 289 1094 1818 1171; baseline -0.009 -1"><span class='ocrx_word' id='word_1_18' title='bbox 289 1101 722 1171; x_wconf 86' lang='lat' dir='ltr'><strong>GENTIAE.</strong></span> <span class='ocrx_word' id='word_1_19' title='bbox 787 1096 999 1164; x_wconf 85' lang='lat' dir='ltr'><strong>AVG.</strong></span> <span class='ocrx_word' id='word_1_20' title='bbox 1080 1097 1499 1162; x_wconf 78' lang='lat' dir='ltr'><strong>MONETA.</strong></span> <span class='ocrx_word' id='word_1_21' title='bbox 1565 1094 1818 1160; x_wconf 84' lang='lat' dir='ltr'><strong>IMPE-</strong></span> 
     </span>
     <span class='ocr_line' id='line_1_6' title="bbox 271 1189 1823 1283; baseline -0.005 -16"><span class='ocrx_word' id='word_1_22' title='bbox 271 1201 637 1268; x_wconf 80' lang='lat' dir='ltr'><strong>&#39;TRATA.</strong></span> <span class='ocrx_word' id='word_1_23' title='bbox 737 1195 814 1261; x_wconf 88' lang='lat' dir='ltr'><strong>In</strong></span> <span class='ocrx_word' id='word_1_24' title='bbox 850 1193 1078 1258; x_wconf 76' lang='lat' dir='ltr'><strong>multis</strong></span> <span class='ocrx_word' id='word_1_25' title='bbox 1144 1193 1297 1259; x_wconf 89' lang='lat' dir='ltr'><strong>aliis</strong></span> <span class='ocrx_word' id='word_1_26' title='bbox 1347 1192 1638 1259; x_wconf 83' lang='lat' dir='ltr'><strong>coloniis</strong></span> <span class='ocrx_word' id='word_1_27' title='bbox 1669 1189 1823 1283; x_wconf 21' lang='lat' dir='ltr'><strong>‘suf-</strong></span> 
     </span>
     <span class='ocr_line' id='line_1_7' title="bbox 287 1290 1822 1364; baseline -0.007 0"><span class='ocrx_word' id='word_1_28' title='bbox 287 1297 468 1364; x_wconf 85' lang='lat' dir='ltr'><strong>fecit</strong></span> <span class='ocrx_word' id='word_1_29' title='bbox 509 1292 948 1362; x_wconf 81' lang='lat' dir='ltr'><strong>domesticum</strong></span> <span class='ocrx_word' id='word_1_30' title='bbox 1010 1292 1347 1361; x_wconf 74' lang='lat' dir='ltr'><em>Decretum</em></span> <span class='ocrx_word' id='word_1_31' title='bbox 1380 1290 1822 1359; x_wconf 59' lang='lat' dir='ltr'><strong>Dum-ionum.</strong></span> 
     </span>
     <span class='ocr_line' id='line_1_8' title="bbox 287 1386 1823 1461; baseline -0.008 0"><span class='ocrx_word' id='word_1_32' title='bbox 287 1397 564 1461; x_wconf 81' lang='lat' dir='ltr'>Tamen</span> <span class='ocrx_word' id='word_1_33' title='bbox 598 1394 671 1457; x_wconf 91' lang='lat' dir='ltr'><strong>in</strong></span> <span class='ocrx_word' id='word_1_34' title='bbox 720 1391 942 1459; x_wconf 67' lang='lat' dir='ltr'><strong>numia</strong></span> <span class='ocrx_word' id='word_1_35' title='bbox 1014 1388 1331 1454; x_wconf 89' lang='lat' dir='ltr'><strong>coloniae</strong></span> <span class='ocrx_word' id='word_1_36' title='bbox 1410 1386 1823 1453; x_wconf 73' lang='lat' dir='ltr'><strong>Antiochiae</strong></span> 
     </span>
     <span class='ocr_line' id='line_1_9' title="bbox 279 1484 1823 1576; baseline -0.008 -18"><span class='ocrx_word' id='word_1_37' title='bbox 279 1491 579 1559; x_wconf 84' lang='lat' dir='ltr'><strong>Pifidiae</strong></span> <span class='ocrx_word' id='word_1_38' title='bbox 607 1490 852 1576; x_wconf 87' lang='lat' dir='ltr'><strong>legitur</strong></span> <span class='ocrx_word' id='word_1_39' title='bbox 880 1486 1091 1550; x_wconf 87' lang='lat' dir='ltr'><strong>etiam</strong></span> <span class='ocrx_word' id='word_1_40' title='bbox 1128 1487 1192 1550; x_wconf 89' lang='lat' dir='ltr'><strong>S.</strong></span> <span class='ocrx_word' id='word_1_41' title='bbox 1225 1486 1307 1548; x_wconf 86' lang='lat' dir='ltr'><strong>R.</strong></span> <span class='ocrx_word' id='word_1_42' title='bbox 1329 1531 1350 1564; x_wconf 94' lang='lat'><strong>,</strong></span> <span class='ocrx_word' id='word_1_43' title='bbox 1404 1484 1591 1570; x_wconf 87' lang='lat' dir='ltr'><strong>quod</strong></span> <span class='ocrx_word' id='word_1_44' title='bbox 1618 1484 1823 1548; x_wconf 88' lang='lat' dir='ltr'><strong>inter·</strong></span> 
     </span>
     <span class='ocr_line' id='line_1_10' title="bbox 273 1579 1810 1677; baseline -0.007 -24"><span class='ocrx_word' id='word_1_45' title='bbox 273 1588 548 1677; x_wconf 89' lang='lat' dir='ltr'><strong>pretari</strong></span> <span class='ocrx_word' id='word_1_46' title='bbox 581 1595 850 1651; x_wconf 85' lang='lat' dir='ltr'><strong>amant:</strong></span> <span class='ocrx_word' id='word_1_47' title='bbox 902 1581 1182 1649; x_wconf 74' lang='lat' dir='ltr'><strong>Senatus</strong></span> <span class='ocrx_word' id='word_1_48' title='bbox 1211 1582 1556 1650; x_wconf 77' lang='lat' dir='ltr'><strong>Romanus.</strong></span> <span class='ocrx_word' id='word_1_49' title='bbox 1656 1579 1810 1643; x_wconf 79' lang='lat' dir='ltr'><strong>Pos-</strong></span> 
     </span>
    </p>
   </div>
   <div class='ocr_carea' id='block_1_3' title="bbox 3279 634 3417 704">
    <p class='ocr_par' dir='ltr' id='par_1_3' title="bbox 3279 634 3417 704">
     <span class='ocr_line' id='line_1_11' title="bbox 3279 634 3417 704; baseline -0.022 0"><span class='ocrx_word' id='word_1_50' title='bbox 3279 634 3417 704; x_wconf 80' lang='lat'><strong>²9⁹</strong></span> 
     </span>
    </p>
   </div>
   <div class='ocr_carea' id='block_1_4' title="bbox 1895 800 3431 1668">
    <p class='ocr_par' dir='ltr' id='par_1_4' title="bbox 1895 800 3431 1668">
     <span class='ocr_line' id='line_1_12' title="bbox 1901 800 3422 896; baseline 0.002 -24"><span class='ocrx_word' id='word_1_51' title='bbox 1901 806 2273 896; x_wconf 84' lang='lat' dir='ltr'><strong>fignificare</strong></span> <span class='ocrx_word' id='word_1_52' title='bbox 2312 824 2449 871; x_wconf 92' lang='lat' dir='ltr'><strong>non</strong></span> <span class='ocrx_word' id='word_1_53' title='bbox 2488 803 2753 891; x_wconf 83' lang='lat' dir='ltr'><strong>poss&#39;unt</strong></span> <span class='ocrx_word' id='word_1_54' title='bbox 2782 850 2801 881; x_wconf 84' lang='lat'>‚</span> <span class='ocrx_word' id='word_1_55' title='bbox 2854 823 3059 892; x_wconf 83' lang='lat' dir='ltr'><strong>quam</strong></span> <span class='ocrx_word' id='word_1_56' title='bbox 3108 800 3422 876; x_wconf 62' lang='lat' dir='ltr'><strong>MONeta</strong></span> 
     </span>
     <span class='ocr_line' id='line_1_13' title="bbox 1898 902 3426 983; baseline -0.007 -10"><span class='ocrx_word' id='word_1_57' title='bbox 1898 906 2188 983; x_wconf 62' lang='lat' dir='ltr'><strong>vimis,</strong></span> <span class='ocrx_word' id='word_1_58' title='bbox 2243 916 2311 968; x_wconf 90' lang='lat' dir='ltr'><strong>et</strong></span> <span class='ocrx_word' id='word_1_59' title='bbox 2347 904 2414 966; x_wconf 89' lang='lat' dir='ltr'><strong>in</strong></span> <span class='ocrx_word' id='word_1_60' title='bbox 2451 903 2638 967; x_wconf 90' lang='lat' dir='ltr'><strong>nulla</strong></span> <span class='ocrx_word' id='word_1_61' title='bbox 2670 902 2811 967; x_wconf 84' lang='lat' dir='ltr'><strong>alia</strong></span> <span class='ocrx_word' id='word_1_62' title='bbox 2840 916 3155 967; x_wconf 87' lang='lat' dir='ltr'><strong>monetae</strong></span> <span class='ocrx_word' id='word_1_63' title='bbox 3184 907 3426 970; x_wconf 87' lang='lat' dir='ltr'><strong>Antio..</strong></span> 
     </span>
     <span class='ocr_line' id='line_1_14' title="bbox 1902 999 3424 1087; baseline 0 -20"><span class='ocrx_word' id='word_1_64' title='bbox 1902 1002 2163 1067; x_wconf 83' lang='lat' dir='ltr'><strong>chenae</strong></span> <span class='ocrx_word' id='word_1_65' title='bbox 2219 999 2419 1065; x_wconf 75' lang='lat' dir='ltr'><strong>claffo</strong></span> <span class='ocrx_word' id='word_1_66' title='bbox 2467 1000 2799 1087; x_wconf 87' lang='lat' dir='ltr'><strong>leguntur.</strong></span> <span class='ocrx_word' id='word_1_67' title='bbox 2869 999 3001 1064; x_wconf 64' lang='grc' dir='ltr'><strong>ἘΒ</strong></span> <span class='ocrx_word' id='word_1_68' title='bbox 3065 999 3424 1067; x_wconf 81' lang='lat' dir='ltr'><strong>verifimile</strong></span> 
     </span>
     <span class='ocr_line' id='line_1_15' title="bbox 1901 1094 3423 1184; baseline -0.001 -19"><span class='ocrx_word' id='word_1_69' title='bbox 1901 1118 2040 1165; x_wconf 88' lang='lat' dir='ltr'><strong>non</strong></span> <span class='ocrx_word' id='word_1_70' title='bbox 2077 1095 2167 1161; x_wconf 81' lang='lat' dir='ltr'><strong>est</strong></span> <span class='ocrx_word' id='word_1_71' title='bbox 2204 1095 2418 1161; x_wconf 82' lang='lat' dir='ltr'><strong>otiose</strong></span> <span class='ocrx_word' id='word_1_72' title='bbox 2457 1095 2715 1184; x_wconf 82' lang='lat' dir='ltr'><strong>polita,</strong></span> <span class='ocrx_word' id='word_1_73' title='bbox 2782 1094 2893 1160; x_wconf 87' lang='lat' dir='ltr'><strong>sed</strong></span> <span class='ocrx_word' id='word_1_74' title='bbox 2944 1096 3145 1162; x_wconf 87' lang='lat' dir='ltr'><strong>causa</strong></span> <span class='ocrx_word' id='word_1_75' title='bbox 3202 1096 3423 1163; x_wconf 84' lang='lat' dir='ltr'><strong>discri-</strong></span> 
     </span>
     <span class='ocr_line' id='line_1_16' title="bbox 1908 1190 3427 1281; baseline -0.002 -21"><span class='ocrx_word' id='word_1_76' title='bbox 1908 1196 2151 1273; x_wconf 86' lang='lat' dir='ltr'><strong>minis,</strong></span> <span class='ocrx_word' id='word_1_77' title='bbox 2204 1213 2410 1280; x_wconf 87' lang='lat' dir='ltr'><strong>quam</strong></span> <span class='ocrx_word' id='word_1_78' title='bbox 2454 1193 2599 1281; x_wconf 84' lang='lat' dir='ltr'><strong>ipsa</strong></span> <span class='ocrx_word' id='word_1_79' title='bbox 2632 1192 2823 1258; x_wconf 73' lang='lat' dir='ltr'><strong>urbis</strong></span> <span class='ocrx_word' id='word_1_80' title='bbox 2890 1190 3136 1259; x_wconf 81' lang='lat' dir='ltr'><strong>natura</strong></span> <span class='ocrx_word' id='word_1_81' title='bbox 3183 1195 3427 1281; x_wconf 83' lang='lat' dir='ltr'><strong>suppe-</strong></span> 
     </span>
     <span class='ocr_line' id='line_1_17' title="bbox 1908 1286 3429 1362; baseline -0.001 -4"><span class='ocrx_word' id='word_1_82' title='bbox 1908 1292 2254 1358; x_wconf 83' lang='lat' dir='ltr'><strong>ditaverit.</strong></span> <span class='ocrx_word' id='word_1_83' title='bbox 2351 1288 2737 1355; x_wconf 83' lang='lat' dir='ltr'><strong>Deductam</strong></span> <span class='ocrx_word' id='word_1_84' title='bbox 2771 1288 2962 1355; x_wconf 82' lang='lat' dir='ltr'><strong>fuiss&#39;e</strong></span> <span class='ocrx_word' id='word_1_85' title='bbox 3006 1286 3349 1356; x_wconf 83' lang='lat' dir='ltr'><strong>colon&#39;iam</strong></span> <span class='ocrx_word' id='word_1_86' title='bbox 3383 1318 3429 1362; x_wconf 84' lang='lat' dir='ltr'><strong>a</strong></span> 
     </span>
     <span class='ocr_line' id='line_1_18' title="bbox 1908 1386 3428 1467; baseline 0.001 -11"><span class='ocrx_word' id='word_1_87' title='bbox 1908 1386 2317 1467; x_wconf 87' lang='lat' dir='ltr'><strong>Caracalla,</strong></span> <span class='ocrx_word' id='word_1_88' title='bbox 2369 1387 2631 1453; x_wconf 88' lang='lat' dir='ltr'><strong>dicetur</strong></span> <span class='ocrx_word' id='word_1_89' title='bbox 2676 1386 2881 1454; x_wconf 78' lang='lat' dir='ltr'><strong>infra.</strong></span> <span class='ocrx_word' id='word_1_90' title='bbox 3000 1386 3172 1453; x_wconf 86' lang='lat' dir='ltr'><strong>Cum</strong></span> <span class='ocrx_word' id='word_1_91' title='bbox 3224 1392 3428 1459; x_wconf 80' lang='lat' dir='ltr'><strong>urbes</strong></span> 
     </span>
     <span class='ocr_line' id='line_1_19' title="bbox 1904 1484 3431 1571; baseline 0.002 -22"><span class='ocrx_word' id='word_1_92' title='bbox 1904 1486 2255 1570; x_wconf 86' lang='lat' dir='ltr'><strong>reliquae,</strong></span> <span class='ocrx_word' id='word_1_93' title='bbox 2322 1503 2410 1548; x_wconf 82' lang='lat' dir='ltr'><strong>ex</strong></span> <span class='ocrx_word' id='word_1_94' title='bbox 2461 1505 2599 1570; x_wconf 90' lang='lat' dir='ltr'><strong>quo</strong></span> <span class='ocrx_word' id='word_1_95' title='bbox 2666 1484 2735 1548; x_wconf 89' lang='lat' dir='ltr'><strong>in</strong></span> <span class='ocrx_word' id='word_1_96' title='bbox 2774 1484 3208 1549; x_wconf 81' lang='lat' dir='ltr'><strong>coloniarum</strong></span> <span class='ocrx_word' id='word_1_97' title='bbox 3275 1491 3431 1571; x_wconf 75' lang='lat' dir='ltr'><strong>jura</strong></span> 
     </span>
     <span class='ocr_line' id='line_1_20' title="bbox 1895 1580 3430 1668; baseline 0.002 -20"><span class='ocrx_word' id='word_1_98' title='bbox 1895 1584 2400 1659; x_wconf 78' lang='lat' dir='ltr'><strong>transiverunt,</strong></span> <span class='ocrx_word' id='word_1_99' title='bbox 2454 1582 2774 1668; x_wconf 85' lang='lat' dir='ltr'><strong>deinceps</strong></span> <span class='ocrx_word' id='word_1_100' title='bbox 2809 1580 3063 1645; x_wconf 81' lang='lat' dir='ltr'><strong>nonnili</strong></span> <span class='ocrx_word' id='word_1_101' title='bbox 3113 1583 3430 1652; x_wconf 87' lang='lat' dir='ltr'><strong>coloniae</strong></span> 
     </span>
    </p>
   </div>
   <div class='ocr_carea' id='block_1_5' title="bbox 252 1675 3522 1959">
    <p class='ocr_par' dir='ltr' id='par_1_5' title="bbox 252 1675 3522 1959">
     <span class='ocr_line' id='line_1_21' title="bbox 277 1675 3522 1768; baseline -0.002 -18"><span class='ocrx_word' id='word_1_102' title='bbox 277 1686 454 1750; x_wconf 81' lang='lat' dir='ltr'><strong>fitne</strong></span> <span class='ocrx_word' id='word_1_103' title='bbox 506 1681 769 1768; x_wconf 89' lang='lat' dir='ltr'><strong>aliquid</strong></span> <span class='ocrx_word' id='word_1_104' title='bbox 825 1679 959 1743; x_wconf 89' lang='lat' dir='ltr'><strong>huc</strong></span> <span class='ocrx_word' id='word_1_105' title='bbox 1024 1679 1369 1764; x_wconf 75' lang='lat' dir='ltr'><strong>pertinens</strong></span> <span class='ocrx_word' id='word_1_106' title='bbox 1436 1698 1525 1743; x_wconf 85' lang='lat' dir='ltr'><strong>ex</strong></span> <span class='ocrx_word' id='word_1_107' title='bbox 1582 1677 1808 1742; x_wconf 86' lang='lat' dir='ltr'><strong>citatis</strong></span> <span class='ocrx_word' id='word_1_108' title='bbox 1893 1680 2170 1746; x_wconf 87' lang='lat' dir='ltr'><strong>nomine</strong></span> <span class='ocrx_word' id='word_1_109' title='bbox 2204 1697 2447 1742; x_wconf 85' lang='lat' dir='ltr'><strong>numos</strong></span> <span class='ocrx_word' id='word_1_110' title='bbox 2525 1678 2896 1766; x_wconf 83' lang='lat' dir='ltr'><strong>flgnarent‚</strong></span> <span class='ocrx_word' id='word_1_111' title='bbox 2948 1675 3117 1741; x_wconf 84' lang='lat' dir='ltr'><strong>istud</strong></span> <span class='ocrx_word' id='word_1_112' title='bbox 3155 1682 3429 1765; x_wconf 81' lang='lat' dir='ltr'><strong>quidem</strong></span> <span class='ocrx_word' id='word_1_113' title='bbox 3514 1745 3522 1753; x_wconf 81' lang='grc'><strong><em>,</em></strong></span> 
     </span>
     <span class='ocr_line' id='line_1_22' title="bbox 269 1774 3426 1870; baseline -0.004 -23"><span class='ocrx_word' id='word_1_114' title='bbox 269 1784 487 1870; x_wconf 85' lang='lat' dir='ltr'><strong>supra</strong></span> <span class='ocrx_word' id='word_1_115' title='bbox 519 1779 901 1864; x_wconf 74' lang='lat' dir='ltr'><strong>Lampridii</strong></span> <span class='ocrx_word' id='word_1_116' title='bbox 951 1777 1179 1841; x_wconf 83' lang='lat' dir='ltr'><strong>verbis</strong></span> <span class='ocrx_word' id='word_1_117' title='bbox 1214 1776 1482 1864; x_wconf 85' lang='lat' dir='ltr'><strong>colligi,</strong></span> <span class='ocrx_word' id='word_1_118' title='bbox 1531 1775 1649 1861; x_wconf 85' lang='lat' dir='ltr'><strong>qui</strong></span> <span class='ocrx_word' id='word_1_119' title='bbox 1706 1774 1805 1837; x_wconf 87' lang='lat' dir='ltr'><strong>di·</strong></span> <span class='ocrx_word' id='word_1_120' title='bbox 1892 1797 2030 1841; x_wconf 87' lang='lat' dir='ltr'><strong>non</strong></span> <span class='ocrx_word' id='word_1_121' title='bbox 2075 1775 2515 1862; x_wconf 81' lang='lat' dir='ltr'><strong>neglexerunt</strong></span> <span class='ocrx_word' id='word_1_122' title='bbox 2561 1774 3011 1853; x_wconf 87' lang='lat' dir='ltr'><strong>Antiocheni,</strong></span> <span class='ocrx_word' id='word_1_123' title='bbox 3057 1775 3170 1840; x_wconf 82' lang='lat' dir='ltr'><strong>sed</strong></span> <span class='ocrx_word' id='word_1_124' title='bbox 3204 1798 3426 1864; x_wconf 80' lang='lat' dir='ltr'><strong>petre.</strong></span> 
     </span>
     <span class='ocr_line' id='line_1_23' title="bbox 252 1868 3429 1959; baseline -0.002 -13"><span class='ocrx_word' id='word_1_125' title='bbox 252 1868 498 1947; x_wconf 63' lang='lat' dir='ltr'><strong>&#39;latam</strong></span> <span class='ocrx_word' id='word_1_126' title='bbox 520 1875 816 1941; x_wconf 86' lang='lat' dir='ltr'><strong>Macrini</strong></span> <span class='ocrx_word' id='word_1_127' title='bbox 851 1887 1198 1938; x_wconf 85' lang='lat' dir='ltr'><strong>monetam</strong></span> <span class='ocrx_word' id='word_1_128' title='bbox 1228 1873 1546 1959; x_wconf 89' lang='lat' dir='ltr'><strong>usquead</strong></span> <span class='ocrx_word' id='word_1_129' title='bbox 1570 1870 1809 1955; x_wconf 80' lang='lat' dir='ltr'><strong>juss&#39;nm</strong></span> <span class='ocrx_word' id='word_1_130' title='bbox 1888 1885 2137 1939; x_wconf 81' lang='lat' dir='ltr'><strong>xerunt</strong></span> <span class='ocrx_word' id='word_1_131' title='bbox 2163 1882 2396 1936; x_wconf 82' lang='lat' dir='ltr'><strong>tamen</strong></span> <span class='ocrx_word' id='word_1_132' title='bbox 2428 1885 2661 1936; x_wconf 79' lang='lat' dir='ltr'><strong>vetere</strong></span> <span class='ocrx_word' id='word_1_133' title='bbox 2674 1868 2787 1934; x_wconf 80' lang='lat' dir='ltr'><strong>suo</strong></span> <span class='ocrx_word' id='word_1_134' title='bbox 2808 1869 3100 1936; x_wconf 85' lang='lat' dir='ltr'><strong>instituto</strong></span> <span class='ocrx_word' id='word_1_135' title='bbox 3118 1890 3429 1941; x_wconf 87' lang='lat' dir='ltr'><strong>moneta-</strong></span> 
     </span>
    </p>
   </div>
   <div class='ocr_carea' id='block_1_6' title="bbox 151 1966 3426 2057">
    <p class='ocr_par' dir='ltr' id='par_1_6' title="bbox 151 1966 3426 2057">
     <span class='ocr_line' id='line_1_24' title="bbox 151 1966 3426 2057; baseline -0.002 -16"><span class='ocrx_word' id='word_1_136' title='bbox 151 2006 164 2011; x_wconf 93' lang='lat'><em>·</em></span> <span class='ocrx_word' id='word_1_137' title='bbox 267 1976 556 2041; x_wconf 74' lang='lat' dir='ltr'><strong>renatus</strong></span> <span class='ocrx_word' id='word_1_138' title='bbox 589 1983 950 2048; x_wconf 89' lang='lat' dir='ltr'><strong>memorat,</strong></span> <span class='ocrx_word' id='word_1_139' title='bbox 1003 1972 1298 2034; x_wconf 86' lang='lat' dir='ltr'><strong>viderint</strong></span> <span class='ocrx_word' id='word_1_140' title='bbox 1329 1970 1599 2037; x_wconf 86' lang='lat' dir='ltr'><strong>eruditi.</strong></span> <span class='ocrx_word' id='word_1_141' title='bbox 1653 1968 1810 2032; x_wconf 84' lang='lat' dir='ltr'><strong>Mo·</strong></span> <span class='ocrx_word' id='word_1_142' title='bbox 1888 1971 2019 2049; x_wconf 86' lang='lat' dir='ltr'><strong>rio,</strong></span> <span class='ocrx_word' id='word_1_143' title='bbox 2038 1980 2105 2032; x_wconf 89' lang='lat' dir='ltr'><strong>et</strong></span> <span class='ocrx_word' id='word_1_144' title='bbox 2125 1969 2401 2055; x_wconf 86' lang='lat' dir='ltr'><strong>quidem</strong></span> <span class='ocrx_word' id='word_1_145' title='bbox 2417 1968 2579 2034; x_wconf 92' lang='lat' dir='ltr'><strong>S.C.</strong></span> <span class='ocrx_word' id='word_1_146' title='bbox 2601 1966 2873 2033; x_wconf 79' lang='lat' dir='ltr'><strong>firmato</strong></span> <span class='ocrx_word' id='word_1_147' title='bbox 2889 1972 3010 2036; x_wconf 89' lang='lat' dir='ltr'><strong>uti.</strong></span> <span class='ocrx_word' id='word_1_148' title='bbox 3033 1968 3212 2056; x_wconf 84' lang='lat' dir='ltr'><strong>Ergo</strong></span> <span class='ocrx_word' id='word_1_149' title='bbox 3230 1991 3426 2057; x_wconf 84' lang='lat' dir='ltr'><strong>prae-</strong></span> 
     </span>
    </p>
   </div>
   <div class='ocr_carea' id='block_1_7' title="bbox 262 2065 3425 2153">
    <p class='ocr_par' dir='ltr' id='par_1_7' title="bbox 262 2065 3425 2153">
     <span class='ocr_line' id='line_1_25' title="bbox 262 2065 3425 2153; baseline -0.002 -15"><span class='ocrx_word' id='word_1_150' title='bbox 262 2071 618 2147; x_wconf 83' lang='lat' dir='ltr'><strong>nendum,</strong></span> <span class='ocrx_word' id='word_1_151' title='bbox 667 2067 950 2153; x_wconf 87' lang='lat' dir='ltr'><strong>reperiri</strong></span> <span class='ocrx_word' id='word_1_152' title='bbox 994 2067 1063 2131; x_wconf 93' lang='lat' dir='ltr'><strong>S.</strong></span> <span class='ocrx_word' id='word_1_153' title='bbox 1102 2066 1175 2132; x_wconf 90' lang='lat' dir='ltr'><strong>C.</strong></span> <span class='ocrx_word' id='word_1_154' title='bbox 1216 2070 1423 2133; x_wconf 89' lang='lat' dir='ltr'><strong>etiam</strong></span> <span class='ocrx_word' id='word_1_155' title='bbox 1461 2067 1531 2129; x_wconf 89' lang='lat' dir='ltr'><strong>in</strong></span> <span class='ocrx_word' id='word_1_156' title='bbox 1586 2066 1809 2131; x_wconf 86' lang='lat' dir='ltr'><strong>numis</strong></span> <span class='ocrx_word' id='word_1_157' title='bbox 1888 2080 1996 2131; x_wconf 87' lang='lat' dir='ltr'><strong>ter</strong></span> <span class='ocrx_word' id='word_1_158' title='bbox 2030 2066 2382 2130; x_wconf 85' lang='lat' dir='ltr'><strong>inductam</strong></span> <span class='ocrx_word' id='word_1_159' title='bbox 2421 2086 2654 2130; x_wconf 85' lang='lat' dir='ltr'><strong>recens</strong></span> <span class='ocrx_word' id='word_1_160' title='bbox 2701 2065 3019 2130; x_wconf 87' lang='lat' dir='ltr'><strong>coloniae</strong></span> <span class='ocrx_word' id='word_1_161' title='bbox 3051 2081 3425 2150; x_wconf 83' lang='lat' dir='ltr'><strong>monetam,</strong></span> 
     </span>
    </p>
   </div>
   <div class='ocr_carea' id='block_1_8' title="bbox 264 2162 1815 2640">
    <p class='ocr_par' dir='ltr' id='par_1_8' title="bbox 264 2162 1815 2640">
     <span class='ocr_line' id='line_1_26' title="bbox 264 2162 1810 2250; baseline -0.006 -15"><span class='ocrx_word' id='word_1_162' title='bbox 264 2169 602 2235; x_wconf 87' lang='lat' dir='ltr'><strong>coloniae</strong></span> <span class='ocrx_word' id='word_1_163' title='bbox 645 2164 1096 2250; x_wconf 81' lang='lat' dir='ltr'><strong>Philippolis,</strong></span> <span class='ocrx_word' id='word_1_164' title='bbox 1147 2178 1215 2229; x_wconf 91' lang='lat' dir='ltr'><strong>et</strong></span> <span class='ocrx_word' id='word_1_165' title='bbox 1250 2166 1321 2229; x_wconf 87' lang='lat' dir='ltr'><strong>in</strong></span> <span class='ocrx_word' id='word_1_166' title='bbox 1356 2181 1498 2228; x_wconf 88' lang='lat' dir='ltr'><strong>uno</strong></span> <span class='ocrx_word' id='word_1_167' title='bbox 1554 2162 1810 2227; x_wconf 86' lang='lat' dir='ltr'><strong>coloni-</strong></span> 
     </span>
     <span class='ocr_line' id='line_1_27' title="bbox 273 2257 1811 2349; baseline -0.005 -19"><span class='ocrx_word' id='word_1_168' title='bbox 273 2282 366 2331; x_wconf 85' lang='lat' dir='ltr'><strong>ae</strong></span> <span class='ocrx_word' id='word_1_169' title='bbox 447 2261 769 2329; x_wconf 81' lang='lat' dir='ltr'><strong>Damasci</strong></span> <span class='ocrx_word' id='word_1_170' title='bbox 849 2280 1003 2326; x_wconf 83' lang='lat' dir='ltr'><strong>eum</strong></span> <span class='ocrx_word' id='word_1_171' title='bbox 1075 2262 1306 2349; x_wconf 79' lang='lat' dir='ltr'><strong>capite</strong></span> <span class='ocrx_word' id='word_1_172' title='bbox 1375 2257 1811 2338; x_wconf 82' lang='lat' dir='ltr'><strong>Aemiliani,</strong></span> 
     </span>
     <span class='ocr_line' id='line_1_28' title="bbox 278 2354 1812 2447; baseline -0.005 -21"><span class='ocrx_word' id='word_1_173' title='bbox 278 2359 722 2447; x_wconf 89' lang='lat' dir='ltr'><strong>(Vaillant.)</strong></span> <span class='ocrx_word' id='word_1_174' title='bbox 772 2358 843 2422; x_wconf 88' lang='lat' dir='ltr'><strong>in</strong></span> <span class='ocrx_word' id='word_1_175' title='bbox 902 2357 1044 2421; x_wconf 86' lang='lat' dir='ltr'><strong>alio</strong></span> <span class='ocrx_word' id='word_1_176' title='bbox 1092 2357 1539 2424; x_wconf 89' lang='lat' dir='ltr'><strong>Treboniani.</strong></span> <span class='ocrx_word' id='word_1_177' title='bbox 1591 2354 1812 2439; x_wconf 85' lang='lat' dir='ltr'><strong>(Mus.</strong></span> 
     </span>
     <span class='ocr_line' id='line_1_29' title="bbox 275 2454 1815 2540; baseline -0.008 -15"><span class='ocrx_word' id='word_1_178' title='bbox 275 2454 540 2539; x_wconf 76' lang='lat' dir='ltr'><strong>Caes.)</strong></span> <span class='ocrx_word' id='word_1_179' title='bbox 593 2454 988 2520; x_wconf 79' lang='lat' dir='ltr'><strong>Mirandum</strong></span> <span class='ocrx_word' id='word_1_180' title='bbox 1025 2454 1280 2540; x_wconf 84' lang='lat' dir='ltr'><strong>magis,</strong></span> <span class='ocrx_word' id='word_1_181' title='bbox 1352 2472 1507 2519; x_wconf 89' lang='lat' dir='ltr'><strong>eam</strong></span> <span class='ocrx_word' id='word_1_182' title='bbox 1575 2464 1815 2515; x_wconf 89' lang='lat' dir='ltr'><strong>notam</strong></span> 
     </span>
     <span class='ocr_line' id='line_1_30' title="bbox 266 2547 1814 2640; baseline -0.006 -22"><span class='ocrx_word' id='word_1_183' title='bbox 266 2553 421 2640; x_wconf 84' lang='lat' dir='ltr'><strong>legi</strong></span> <span class='ocrx_word' id='word_1_184' title='bbox 463 2553 673 2617; x_wconf 87' lang='lat' dir='ltr'><strong>etiam</strong></span> <span class='ocrx_word' id='word_1_185' title='bbox 709 2552 782 2613; x_wconf 85' lang='lat' dir='ltr'><strong>in</strong></span> <span class='ocrx_word' id='word_1_186' title='bbox 810 2548 1149 2633; x_wconf 82' lang='lat' dir='ltr'><strong>aliquibus</strong></span> <span class='ocrx_word' id='word_1_187' title='bbox 1199 2551 1421 2615; x_wconf 88' lang='lat' dir='ltr'><strong>numis</strong></span> <span class='ocrx_word' id='word_1_188' title='bbox 1463 2547 1814 2635; x_wconf 80' lang='lat' dir='ltr'><strong>Agrippae</strong></span> 
     </span>
    </p>
   </div>
   <div class='ocr_carea' id='block_1_9' title="bbox 149 2645 919 2733">
    <p class='ocr_par' dir='ltr' id='par_1_9' title="bbox 149 2645 919 2733">
     <span class='ocr_line' id='line_1_31' title="bbox 149 2645 919 2733; baseline -0.013 -15"><span class='ocrx_word' id='word_1_189' title='bbox 149 2650 156 2651; x_wconf 15' lang='lat'><em>7</em></span> <span class='ocrx_word' id='word_1_190' title='bbox 269 2649 371 2717; x_wconf 80' lang='grc' dir='ltr'><strong>Π.</strong></span> <span class='ocrx_word' id='word_1_191' title='bbox 413 2654 599 2733; x_wconf 76' lang='lat' dir='ltr'><strong>regis</strong></span> <span class='ocrx_word' id='word_1_192' title='bbox 630 2645 919 2709; x_wconf 81' lang='lat' dir='ltr'><strong>Iudaici.</strong></span> 
     </span>
    </p>
   </div>
   <div class='ocr_carea' id='block_1_10' title="bbox 248 2739 1825 3984">
    <p class='ocr_par' dir='ltr' id='par_1_10' title="bbox 248 2739 1825 3984">
     <span class='ocr_line' id='line_1_32' title="bbox 379 2739 1823 2828; baseline -0.003 -19"><span class='ocrx_word' id='word_1_193' title='bbox 379 2744 564 2809; x_wconf 85' lang='lat' dir='ltr'><strong>Inde</strong></span> <span class='ocrx_word' id='word_1_194' title='bbox 592 2763 636 2808; x_wconf 92' lang='lat' dir='ltr'><strong>a</strong></span> <span class='ocrx_word' id='word_1_195' title='bbox 685 2739 1050 2805; x_wconf 84' lang='lat' dir='ltr'><strong>Caracalla</strong></span> <span class='ocrx_word' id='word_1_196' title='bbox 1077 2741 1260 2804; x_wconf 85' lang='lat' dir='ltr'><strong>inter</strong></span> <span class='ocrx_word' id='word_1_197' title='bbox 1300 2739 1577 2828; x_wconf 86' lang='lat' dir='ltr'><strong>aquilae</strong></span> <span class='ocrx_word' id='word_1_198' title='bbox 1624 2757 1823 2806; x_wconf 85' lang='lat' dir='ltr'><strong>crura</strong></span> 
     </span>
     <span class='ocr_line' id='line_1_33' title="bbox 270 2836 1823 2924; baseline -0.005 -17"><span class='ocrx_word' id='word_1_199' title='bbox 270 2850 701 2924; x_wconf 82' lang='lat' dir='ltr'><strong>comparent</strong></span> <span class='ocrx_word' id='word_1_200' title='bbox 730 2836 984 2901; x_wconf 82' lang='lat' dir='ltr'><strong>modici</strong></span> <span class='ocrx_word' id='word_1_201' title='bbox 1021 2839 1282 2900; x_wconf 89' lang='lat' dir='ltr'><strong>numeri</strong></span> <span class='ocrx_word' id='word_1_202' title='bbox 1321 2844 1422 2917; x_wconf 84' lang='lat' dir='ltr'><strong>A,</strong></span> <span class='ocrx_word' id='word_1_203' title='bbox 1477 2840 1567 2915; x_wconf 86' lang='lat' dir='ltr'><strong>B,</strong></span> <span class='ocrx_word' id='word_1_204' title='bbox 1647 2856 1720 2914; x_wconf 81' lang='grc' dir='ltr'><strong>ς,</strong></span> <span class='ocrx_word' id='word_1_205' title='bbox 1771 2837 1823 2900; x_wconf 88' lang='grc' dir='ltr'><strong>Ζ</strong></span> 
     </span>
     <span class='ocr_line' id='line_1_34' title="bbox 262 2931 1824 3021; baseline -0.005 -18"><span class='ocrx_word' id='word_1_206' title='bbox 262 2950 418 3003; x_wconf 78' lang='lat' dir='ltr'><strong>etc.</strong></span> <span class='ocrx_word' id='word_1_207' title='bbox 460 2955 544 2998; x_wconf 83' lang='lat' dir='ltr'><strong>ac</strong></span> <span class='ocrx_word' id='word_1_208' title='bbox 596 2935 964 3021; x_wconf 77' lang='lat' dir='ltr'><strong>praecipue</strong></span> <span class='ocrx_word' id='word_1_209' title='bbox 1008 2933 1079 2996; x_wconf 89' lang='lat' dir='ltr'><strong>in</strong></span> <span class='ocrx_word' id='word_1_210' title='bbox 1129 2935 1349 2997; x_wconf 85' lang='lat' dir='ltr'><strong>numis</strong></span> <span class='ocrx_word' id='word_1_211' title='bbox 1398 2931 1824 2998; x_wconf 83' lang='lat' dir='ltr'><strong>Treboniani</strong></span> 
     </span>
     <span class='ocr_line' id='line_1_35' title="bbox 261 3028 1820 3116; baseline -0.006 -17"><span class='ocrx_word' id='word_1_212' title='bbox 261 3043 347 3099; x_wconf 85' lang='lat' dir='ltr'><strong>et</strong></span> <span class='ocrx_word' id='word_1_213' title='bbox 389 3030 728 3116; x_wconf 85' lang='lat' dir='ltr'><strong>collegae.</strong></span> <span class='ocrx_word' id='word_1_214' title='bbox 833 3028 1001 3092; x_wconf 90' lang='lat' dir='ltr'><strong>Sunt</strong></span> <span class='ocrx_word' id='word_1_215' title='bbox 1032 3028 1104 3092; x_wconf 79' lang='lat' dir='ltr'><strong>hi</strong></span> <span class='ocrx_word' id='word_1_216' title='bbox 1141 3031 1445 3111; x_wconf 87' lang='lat' dir='ltr'><strong>ejusdem</strong></span> <span class='ocrx_word' id='word_1_217' title='bbox 1474 3041 1760 3094; x_wconf 87' lang='lat' dir='ltr'><strong>naturae</strong></span> <span class='ocrx_word' id='word_1_218' title='bbox 1798 3075 1820 3108; x_wconf 90' lang='lat'>‚</span> 
     </span>
     <span class='ocr_line' id='line_1_36' title="bbox 262 3124 1824 3214; baseline -0.004 -19"><span class='ocrx_word' id='word_1_219' title='bbox 262 3133 483 3214; x_wconf 73' lang='lat' dir='ltr'><strong>quus</strong></span> <span class='ocrx_word' id='word_1_220' title='bbox 515 3127 660 3190; x_wconf 85' lang='lat' dir='ltr'><strong>sunt</strong></span> <span class='ocrx_word' id='word_1_221' title='bbox 692 3127 783 3203; x_wconf 89' lang='lat' dir='ltr'><strong>ii,</strong></span> <span class='ocrx_word' id='word_1_222' title='bbox 836 3144 1010 3208; x_wconf 85' lang='lat' dir='ltr'><strong>quos</strong></span> <span class='ocrx_word' id='word_1_223' title='bbox 1055 3126 1299 3212; x_wconf 26' lang='lat' dir='ltr'><strong>‘capite</strong></span> <span class='ocrx_word' id='word_1_224' title='bbox 1361 3127 1418 3197; x_wconf 84' lang='lat'><strong>1.</strong></span> <span class='ocrx_word' id='word_1_225' title='bbox 1474 3129 1530 3209; x_wconf 78' lang='grc' dir='ltr'><strong>ς.</strong></span> <span class='ocrx_word' id='word_1_226' title='bbox 1610 3124 1824 3189; x_wconf 82' lang='lat' dir='ltr'><strong>xvll.</strong></span> 
     </span>
     <span class='ocr_line' id='line_1_37' title="bbox 259 3220 1824 3309; baseline -0.003 -20"><span class='ocrx_word' id='word_1_227' title='bbox 259 3226 633 3301; x_wconf 77' lang='lat' dir='ltr'><strong>vidimus,</strong></span> <span class='ocrx_word' id='word_1_228' title='bbox 688 3233 757 3285; x_wconf 91' lang='lat' dir='ltr'><strong>et</strong></span> <span class='ocrx_word' id='word_1_229' title='bbox 789 3220 1173 3285; x_wconf 77' lang='lat' dir='ltr'><strong>videbimus</strong></span> <span class='ocrx_word' id='word_1_230' title='bbox 1207 3222 1432 3309; x_wconf 85' lang='lat' dir='ltr'><strong>eapite</strong></span> <span class='ocrx_word' id='word_1_231' title='bbox 1467 3223 1824 3307; x_wconf 84' lang='lat' dir='ltr'><strong>sequente,</strong></span> 
     </span>
     <span class='ocr_line' id='line_1_38' title="bbox 267 3319 1823 3406; baseline -0.004 -19"><span class='ocrx_word' id='word_1_232' title='bbox 267 3335 348 3387; x_wconf 86' lang='lat' dir='ltr'><strong>et</strong></span> <span class='ocrx_word' id='word_1_233' title='bbox 384 3337 572 3406; x_wconf 83' lang='lat' dir='ltr'><strong>quos</strong></span> <span class='ocrx_word' id='word_1_234' title='bbox 597 3366 617 3398; x_wconf 94' lang='lat'><strong>,</strong></span> <span class='ocrx_word' id='word_1_235' title='bbox 700 3319 979 3404; x_wconf 85' lang='lat' dir='ltr'><strong>quando</strong></span> <span class='ocrx_word' id='word_1_236' title='bbox 1047 3337 1206 3380; x_wconf 85' lang='lat' dir='ltr'><strong>cum</strong></span> <span class='ocrx_word' id='word_1_237' title='bbox 1273 3322 1471 3383; x_wconf 86' lang='lat' dir='ltr'><strong>annis</strong></span> <span class='ocrx_word' id='word_1_238' title='bbox 1551 3319 1823 3405; x_wconf 86' lang='lat' dir='ltr'><strong>imperii</strong></span> 
     </span>
     <span class='ocr_line' id='line_1_39' title="bbox 259 3413 1822 3504; baseline -0.003 -21"><span class='ocrx_word' id='word_1_239' title='bbox 259 3417 620 3504; x_wconf 75' lang='lat' dir='ltr'><strong>componi</strong></span> <span class='ocrx_word' id='word_1_240' title='bbox 664 3434 801 3477; x_wconf 89' lang='lat' dir='ltr'><strong>non</strong></span> <span class='ocrx_word' id='word_1_241' title='bbox 860 3413 1164 3501; x_wconf 64' lang='lat' dir='ltr'><strong>poliunt,</strong></span> <span class='ocrx_word' id='word_1_242' title='bbox 1233 3433 1471 3479; x_wconf 85' lang='lat' dir='ltr'><strong>omnes</strong></span> <span class='ocrx_word' id='word_1_243' title='bbox 1538 3415 1626 3491; x_wconf 84' lang='lat' dir='ltr'><strong>ii,</strong></span> <span class='ocrx_word' id='word_1_244' title='bbox 1707 3414 1822 3501; x_wconf 91' lang='lat' dir='ltr'><strong>qui</strong></span> 
     </span>
     <span class='ocr_line' id='line_1_40' title="bbox 255 3509 1823 3597; baseline -0.003 -18"><span class='ocrx_word' id='word_1_245' title='bbox 255 3514 516 3579; x_wconf 77' lang='lat' dir='ltr'><strong>sobrie</strong></span> <span class='ocrx_word' id='word_1_246' title='bbox 546 3512 892 3594; x_wconf 89' lang='lat' dir='ltr'><strong>judicant,</strong></span> <span class='ocrx_word' id='word_1_247' title='bbox 944 3512 1014 3574; x_wconf 89' lang='lat' dir='ltr'><strong>in</strong></span> <span class='ocrx_word' id='word_1_248' title='bbox 1051 3512 1589 3575; x_wconf 83' lang='lat' dir='ltr'><strong>monetariorum</strong></span> <span class='ocrx_word' id='word_1_249' title='bbox 1629 3509 1823 3597; x_wconf 74' lang='lat' dir='ltr'><strong>lignis</strong></span> 
     </span>
     <span class='ocr_line' id='line_1_41' title="bbox 250 3607 1822 3699; baseline -0.003 -24"><span class='ocrx_word' id='word_1_250' title='bbox 250 3620 560 3699; x_wconf 81' lang='lat' dir='ltr'><strong>putant.</strong></span> <span class='ocrx_word' id='word_1_251' title='bbox 659 3610 753 3670; x_wconf 87' lang='lat' dir='ltr'><strong>At</strong></span> <span class='ocrx_word' id='word_1_252' title='bbox 783 3627 919 3672; x_wconf 84' lang='lat' dir='ltr'><strong>non</strong></span> <span class='ocrx_word' id='word_1_253' title='bbox 967 3608 1051 3670; x_wconf 85' lang='lat' dir='ltr'><strong>fic</strong></span> <span class='ocrx_word' id='word_1_254' title='bbox 1083 3607 1440 3685; x_wconf 80' lang='lat' dir='ltr'><strong>Panelius,</strong></span> <span class='ocrx_word' id='word_1_255' title='bbox 1495 3629 1580 3672; x_wconf 83' lang='lat' dir='ltr'><strong>ex</strong></span> <span class='ocrx_word' id='word_1_256' title='bbox 1635 3611 1822 3691; x_wconf 85' lang='lat' dir='ltr'><strong>cujus</strong></span> 
     </span>
     <span class='ocr_line' id='line_1_42' title="bbox 255 3703 1822 3791; baseline -0.003 -19"><span class='ocrx_word' id='word_1_257' title='bbox 255 3707 522 3772; x_wconf 80' lang='lat' dir='ltr'><strong>edicto</strong></span> <span class='ocrx_word' id='word_1_258' title='bbox 562 3723 716 3768; x_wconf 83' lang='lat' dir='ltr'><strong>cnm</strong></span> <span class='ocrx_word' id='word_1_259' title='bbox 750 3704 914 3768; x_wconf 86' lang='lat' dir='ltr'><strong>certi</strong></span> <span class='ocrx_word' id='word_1_260' title='bbox 963 3703 1082 3768; x_wconf 81' lang='lat' dir='ltr'><strong>[int</strong></span> <span class='ocrx_word' id='word_1_261' title='bbox 1125 3704 1287 3768; x_wconf 86' lang='lat' dir='ltr'><strong>anni</strong></span> <span class='ocrx_word' id='word_1_262' title='bbox 1337 3705 1647 3791; x_wconf 82' lang='lat' dir='ltr'><strong>imperii,</strong></span> <span class='ocrx_word' id='word_1_263' title='bbox 1709 3721 1822 3767; x_wconf 81' lang='lat' dir='ltr'><strong>ex·</strong></span> 
     </span>
     <span class='ocr_line' id='line_1_43' title="bbox 258 3797 1825 3891; baseline -0.003 -24"><span class='ocrx_word' id='word_1_264' title='bbox 258 3800 488 3891; x_wconf 74' lang='lat' dir='ltr'><strong>plofa</strong></span> <span class='ocrx_word' id='word_1_265' title='bbox 509 3797 834 3863; x_wconf 80' lang='lat' dir='ltr'><strong>fastorum</strong></span> <span class='ocrx_word' id='word_1_266' title='bbox 856 3799 1461 3885; x_wconf 70' lang='lat' dir='ltr'><strong>historicorumque</strong></span> <span class='ocrx_word' id='word_1_267' title='bbox 1479 3800 1611 3865; x_wconf 86' lang='lat' dir='ltr'><strong>fide</strong></span> <span class='ocrx_word' id='word_1_268' title='bbox 1632 3801 1825 3864; x_wconf 87' lang='lat' dir='ltr'><strong>chro-</strong></span> 
     </span>
     <span class='ocr_line' id='line_1_44' title="bbox 248 3895 1825 3984; baseline -0.004 -18"><span class='ocrx_word' id='word_1_269' title='bbox 248 3897 686 3983; x_wconf 82' lang='lat' dir='ltr'><strong>nologicam</strong></span> <span class='ocrx_word' id='word_1_270' title='bbox 718 3898 1207 3984; x_wconf 79' lang='lat' dir='ltr'><strong>imperatorum</strong></span> <span class='ocrx_word' id='word_1_271' title='bbox 1234 3895 1584 3962; x_wconf 77' lang='lat' dir='ltr'><strong>historiam</strong></span> <span class='ocrx_word' id='word_1_272' title='bbox 1626 3897 1825 3962; x_wconf 89' lang='lat' dir='ltr'><strong>nobis</strong></span> 
     </span>
    </p>
   </div>
   <div class='ocr_carea' id='block_1_11' title="bbox 1896 2154 3468 3501">
    <p class='ocr_par' dir='ltr' id='par_1_11' title="bbox 1896 2154 3468 3501">
     <span class='ocr_line' id='line_1_45' title="bbox 1896 2154 3430 2250; baseline 0.005 -25"><span class='ocrx_word' id='word_1_273' title='bbox 1896 2182 2104 2250; x_wconf 87' lang='lat' dir='ltr'><strong>quam</strong></span> <span class='ocrx_word' id='word_1_274' title='bbox 2142 2163 2371 2249; x_wconf 86' lang='lat' dir='ltr'><strong>capite</strong></span> <span class='ocrx_word' id='word_1_275' title='bbox 2404 2161 2519 2226; x_wconf 88' lang='lat' dir='ltr'><strong>IV.</strong></span> <span class='ocrx_word' id='word_1_276' title='bbox 2558 2180 3062 2248; x_wconf 87' lang='lat' dir='ltr'><strong>proponemus,</strong></span> <span class='ocrx_word' id='word_1_277' title='bbox 3117 2154 3430 2232; x_wconf 78' lang='lat' dir='ltr'><strong>continu-</strong></span> 
     </span>
     <span class='ocr_line' id='line_1_46' title="bbox 1901 2256 3431 2349; baseline 0.003 -26"><span class='ocrx_word' id='word_1_278' title='bbox 1901 2273 2020 2324; x_wconf 88' lang='lat' dir='ltr'><strong>ata</strong></span> <span class='ocrx_word' id='word_1_279' title='bbox 2048 2256 2183 2349; x_wconf 81' lang='lat' dir='ltr'><strong>fuit</strong></span> <span class='ocrx_word' id='word_1_280' title='bbox 2216 2270 2414 2321; x_wconf 83' lang='lat' dir='ltr'><strong>vetus</strong></span> <span class='ocrx_word' id='word_1_281' title='bbox 2447 2258 2737 2345; x_wconf 86' lang='lat' dir='ltr'><strong>duplicis</strong></span> <span class='ocrx_word' id='word_1_282' title='bbox 2790 2261 3055 2346; x_wconf 87' lang='lat' dir='ltr'><strong>generis</strong></span> <span class='ocrx_word' id='word_1_283' title='bbox 3110 2274 3431 2343; x_wconf 83' lang='lat' dir='ltr'><strong>moneta,</strong></span> 
     </span>
     <span class='ocr_line' id='line_1_47' title="bbox 1899 2348 3429 2439; baseline 0.003 -20"><span class='ocrx_word' id='word_1_284' title='bbox 1899 2348 2593 2431; x_wconf 87' lang='lat' dir='ltr'><strong>tetradrachmorum‚</strong></span> <span class='ocrx_word' id='word_1_285' title='bbox 2614 2357 2683 2418; x_wconf 89' lang='lat' dir='ltr'><strong>in</strong></span> <span class='ocrx_word' id='word_1_286' title='bbox 2710 2354 2954 2439; x_wconf 86' lang='lat' dir='ltr'><strong>quibus</strong></span> <span class='ocrx_word' id='word_1_287' title='bbox 2975 2376 3150 2423; x_wconf 88' lang='lat' dir='ltr'><strong>nunc</strong></span> <span class='ocrx_word' id='word_1_288' title='bbox 3182 2358 3429 2438; x_wconf 71' lang='lat' dir='ltr'><strong>fumun,</strong></span> 
     </span>
     <span class='ocr_line' id='line_1_48' title="bbox 1900 2450 3429 2549; baseline 0.003 -33"><span class='ocrx_word' id='word_1_289' title='bbox 1900 2464 1970 2516; x_wconf 86' lang='lat' dir='ltr'><strong>et</strong></span> <span class='ocrx_word' id='word_1_290' title='bbox 2009 2466 2447 2527; x_wconf 88' lang='lat' dir='ltr'><strong>aeneorum,·</strong></span> <span class='ocrx_word' id='word_1_291' title='bbox 2473 2450 2557 2514; x_wconf 81' lang='lat' dir='ltr'><strong>de</strong></span> <span class='ocrx_word' id='word_1_292' title='bbox 2596 2451 2840 2549; x_wconf 72' lang='lat' dir='ltr'><strong>quibus</strong></span> <span class='ocrx_word' id='word_1_293' title='bbox 2900 2454 3125 2539; x_wconf 88' lang='lat' dir='ltr'><strong>capite</strong></span> <span class='ocrx_word' id='word_1_294' title='bbox 3154 2451 3429 2540; x_wconf 85' lang='lat' dir='ltr'><strong>sequen·</strong></span> 
     </span>
     <span class='ocr_line' id='line_1_49' title="bbox 1896 2545 3433 2626; baseline 0.005 -16"><span class='ocrx_word' id='word_1_295' title='bbox 1896 2561 1990 2610; x_wconf 79' lang='lat' dir='ltr'><strong>te.</strong></span> <span class='ocrx_word' id='word_1_296' title='bbox 2119 2545 2279 2626; x_wconf 82' lang='lat' dir='ltr'><strong>Quo</strong></span> <span class='ocrx_word' id='word_1_297' title='bbox 2349 2546 2719 2625; x_wconf 87' lang='lat' dir='ltr'><strong>docemur,</strong></span> <span class='ocrx_word' id='word_1_298' title='bbox 2791 2546 3169 2613; x_wconf 83' lang='lat' dir='ltr'><strong>distinctum</strong></span> <span class='ocrx_word' id='word_1_299' title='bbox 3242 2550 3433 2617; x_wconf 80' lang='lat' dir='ltr'><strong>fuiss’e</strong></span> 
     </span>
     <span class='ocr_line' id='line_1_50' title="bbox 1901 2640 3433 2721; baseline 0.006 -15"><span class='ocrx_word' id='word_1_300' title='bbox 1901 2640 2312 2706; x_wconf 77' lang='lat' dir='ltr'><strong>Antiochiae</strong></span> <span class='ocrx_word' id='word_1_301' title='bbox 2334 2643 2437 2704; x_wconf 87' lang='lat' dir='ltr'><strong>rei</strong></span> <span class='ocrx_word' id='word_1_302' title='bbox 2471 2643 2895 2706; x_wconf 82' lang='lat' dir='ltr'><strong>monetariae</strong></span> <span class='ocrx_word' id='word_1_303' title='bbox 2916 2642 3166 2721; x_wconf 81' lang='lat' dir='ltr'><strong>forum,</strong></span> <span class='ocrx_word' id='word_1_304' title='bbox 3221 2668 3433 2717; x_wconf 85' lang='lat' dir='ltr'><strong>unum</strong></span> 
     </span>
     <span class='ocr_line' id='line_1_51' title="bbox 1896 2734 3435 2824; baseline 0 -23"><span class='ocrx_word' id='word_1_305' title='bbox 1896 2737 2067 2824; x_wconf 85' lang='lat' dir='ltr'><strong>juris</strong></span> <span class='ocrx_word' id='word_1_306' title='bbox 2098 2737 2350 2803; x_wconf 76' lang='lat' dir='ltr'><strong>veteris</strong></span> <span class='ocrx_word' id='word_1_307' title='bbox 2382 2783 2403 2815; x_wconf 87' lang='lat'><strong>,</strong></span> <span class='ocrx_word' id='word_1_308' title='bbox 2457 2734 2749 2801; x_wconf 86' lang='lat' dir='ltr'><strong>alterum</strong></span> <span class='ocrx_word' id='word_1_309' title='bbox 2798 2741 3002 2817; x_wconf 83' lang='lat' dir='ltr'><strong>novi,</strong></span> <span class='ocrx_word' id='word_1_310' title='bbox 3053 2754 3171 2804; x_wconf 90' lang='lat' dir='ltr'><strong>aut</strong></span> <span class='ocrx_word' id='word_1_311' title='bbox 3203 2742 3247 2807; x_wconf 81' lang='lat' dir='ltr'><strong>fi</strong></span> <span class='ocrx_word' id='word_1_312' title='bbox 3292 2757 3435 2811; x_wconf 78' lang='lat' dir='ltr'><strong>ma.</strong></span> 
     </span>
     <span class='ocr_line' id='line_1_52' title="bbox 1902 2832 3439 2917; baseline -0.001 -19"><span class='ocrx_word' id='word_1_313' title='bbox 1902 2832 2117 2913; x_wconf 68' lang='lat' dir='ltr'><strong>velis„</strong></span> <span class='ocrx_word' id='word_1_314' title='bbox 2188 2853 2394 2897; x_wconf 88' lang='lat' dir='ltr'><strong>unum</strong></span> <span class='ocrx_word' id='word_1_315' title='bbox 2438 2834 2817 2910; x_wconf 80' lang='lat' dir='ltr'><strong>incolarum</strong></span> <span class='ocrx_word' id='word_1_316' title='bbox 2866 2847 3212 2917; x_wconf 79' lang='lat' dir='ltr'><strong>veterum,</strong></span> <span class='ocrx_word' id='word_1_317' title='bbox 3265 2840 3439 2904; x_wconf 85' lang='lat' dir='ltr'><strong>alte-</strong></span> 
     </span>
     <span class='ocr_line' id='line_1_53' title="bbox 1897 2929 3468 2999; baseline 0.003 -5"><span class='ocrx_word' id='word_1_318' title='bbox 1897 2950 2052 2994; x_wconf 85' lang='lat' dir='ltr'><strong>rum</strong></span> <span class='ocrx_word' id='word_1_319' title='bbox 2095 2929 2495 2994; x_wconf 89' lang='lat' dir='ltr'><strong>colonorum</strong></span> <span class='ocrx_word' id='word_1_320' title='bbox 2543 2929 3049 2996; x_wconf 84' lang='lat' dir='ltr'><strong>adscititiorum.</strong></span> <span class='ocrx_word' id='word_1_321' title='bbox 3196 2933 3468 2999; x_wconf 86' lang='lat' dir='ltr'><strong>Enim-.</strong></span> 
     </span>
     <span class='ocr_line' id='line_1_54' title="bbox 1905 3024 3436 3112; baseline 0.005 -22"><span class='ocrx_word' id='word_1_322' title='bbox 1905 3045 2074 3090; x_wconf 82' lang='lat' dir='ltr'><strong>vero</strong></span> <span class='ocrx_word' id='word_1_323' title='bbox 2105 3024 2300 3089; x_wconf 72' lang='lat' dir='ltr'><strong>fuiss‘e</strong></span> <span class='ocrx_word' id='word_1_324' title='bbox 2333 3031 2859 3112; x_wconf 76' lang='lat' dir='ltr'><strong>nonnunquam,</strong></span> <span class='ocrx_word' id='word_1_325' title='bbox 2911 3046 3066 3091; x_wconf 88' lang='lat' dir='ltr'><strong>cum</strong></span> <span class='ocrx_word' id='word_1_326' title='bbox 3102 3030 3330 3094; x_wconf 88' lang='lat' dir='ltr'><strong>coloni</strong></span> <span class='ocrx_word' id='word_1_327' title='bbox 3363 3032 3436 3097; x_wconf 88' lang='lat' dir='ltr'><strong>in</strong></span> 
     </span>
     <span class='ocr_line' id='line_1_55' title="bbox 1905 3121 3436 3211; baseline 0.003 -25"><span class='ocrx_word' id='word_1_328' title='bbox 1905 3121 2147 3186; x_wconf 87' lang='lat' dir='ltr'><strong>urbem</strong></span> <span class='ocrx_word' id='word_1_329' title='bbox 2175 3123 2675 3208; x_wconf 78' lang='lat' dir='ltr'><strong>reciperentur,</strong></span> <span class='ocrx_word' id='word_1_330' title='bbox 2727 3127 2796 3188; x_wconf 89' lang='lat' dir='ltr'><strong>in</strong></span> <span class='ocrx_word' id='word_1_331' title='bbox 2843 3124 3024 3211; x_wconf 87' lang='lat' dir='ltr'><strong>leges</strong></span> <span class='ocrx_word' id='word_1_332' title='bbox 3069 3139 3136 3189; x_wconf 92' lang='lat' dir='ltr'><strong>et</strong></span> <span class='ocrx_word' id='word_1_333' title='bbox 3201 3130 3436 3191; x_wconf 79' lang='lat' dir='ltr'><strong>condi·</strong></span> 
     </span>
     <span class='ocr_line' id='line_1_56' title="bbox 1903 3219 3438 3309; baseline 0.005 -27"><span class='ocrx_word' id='word_1_334' title='bbox 1903 3220 2129 3283; x_wconf 84' lang='lat' dir='ltr'><strong>tiones</strong></span> <span class='ocrx_word' id='word_1_335' title='bbox 2175 3219 2386 3297; x_wconf 86' lang='lat' dir='ltr'><strong>itum,</strong></span> <span class='ocrx_word' id='word_1_336' title='bbox 2466 3219 2776 3305; x_wconf 84' lang='lat' dir='ltr'><strong>pluribus</strong></span> <span class='ocrx_word' id='word_1_337' title='bbox 2833 3219 3050 3309; x_wconf 80' lang='lat' dir='ltr'><strong>potest</strong></span> <span class='ocrx_word' id='word_1_338' title='bbox 3105 3225 3438 3309; x_wconf 74' lang='lat' dir='ltr'><strong>exemplis</strong></span> 
     </span>
     <span class='ocr_line' id='line_1_57' title="bbox 1905 3315 3434 3402; baseline 0.004 -22"><span class='ocrx_word' id='word_1_339' title='bbox 1905 3315 2393 3399; x_wconf 88' lang='lat' dir='ltr'><strong>comprobari,</strong></span> <span class='ocrx_word' id='word_1_340' title='bbox 2456 3318 2633 3379; x_wconf 78' lang='lat' dir='ltr'><strong>i&#39;nter</strong></span> <span class='ocrx_word' id='word_1_341' title='bbox 2718 3337 2895 3402; x_wconf 87' lang='lat' dir='ltr'><strong>quae</strong></span> <span class='ocrx_word' id='word_1_342' title='bbox 2959 3317 3204 3384; x_wconf 84' lang='lat' dir='ltr'><strong>illustre</strong></span> <span class='ocrx_word' id='word_1_343' title='bbox 3267 3320 3359 3385; x_wconf 81' lang='lat' dir='ltr'><strong>est</strong></span> <span class='ocrx_word' id='word_1_344' title='bbox 3412 3370 3434 3401; x_wconf 88' lang='lat'><strong>,</strong></span> 
     </span>
     <span class='ocr_line' id='line_1_58' title="bbox 1906 3407 3435 3501; baseline 0.006 -27"><span class='ocrx_word' id='word_1_345' title='bbox 1906 3413 2091 3498; x_wconf 86' lang='lat' dir='ltr'><strong>quod</strong></span> <span class='ocrx_word' id='word_1_346' title='bbox 2111 3408 2357 3476; x_wconf 88' lang='lat' dir='ltr'><strong>Cicero</strong></span> <span class='ocrx_word' id='word_1_347' title='bbox 2380 3411 2466 3474; x_wconf 80' lang='lat' dir='ltr'><strong>de</strong></span> <span class='ocrx_word' id='word_1_348' title='bbox 2481 3407 2933 3500; x_wconf 81' lang='lat' dir='ltr'><strong>Agrigentinis</strong></span> <span class='ocrx_word' id='word_1_349' title='bbox 2969 3425 3344 3498; x_wconf 82' lang='lat' dir='ltr'><strong>memorat:</strong></span> <span class='ocrx_word' id='word_1_350' title='bbox 3370 3407 3435 3501; x_wconf 77' lang='lat' dir='ltr'><strong>b)</strong></span> 
     </span>
    </p>
   </div>
   <div class='ocr_carea' id='block_1_12' title="bbox 1869 3507 3437 3604">
    <p class='ocr_par' dir='ltr' id='par_1_12' title="bbox 1869 3507 3437 3604">
     <span class='ocr_line' id='line_1_59' title="bbox 1869 3507 3437 3604; baseline 0.004 -30"><span class='ocrx_word' id='word_1_351' title='bbox 1869 3528 2037 3574; x_wconf 51' lang='lat' dir='ltr'><strong>‘eccm</strong></span> <span class='ocrx_word' id='word_1_352' title='bbox 2108 3507 2696 3594; x_wconf 74' lang='lat' dir='ltr'><strong>Agrigentinorum</strong></span> <span class='ocrx_word' id='word_1_353' title='bbox 2771 3510 2899 3576; x_wconf 80' lang='lat' dir='ltr'><strong>duo</strong></span> <span class='ocrx_word' id='word_1_354' title='bbox 2970 3531 3211 3595; x_wconf 76' lang='lat' dir='ltr'><strong>genera</strong></span> <span class='ocrx_word' id='word_1_355' title='bbox 3249 3515 3382 3604; x_wconf 66' lang='lat' dir='ltr'><strong>fiat</strong></span> <span class='ocrx_word' id='word_1_356' title='bbox 3414 3562 3437 3595; x_wconf 92' lang='lat'><strong>,</strong></span> 
     </span>
    </p>
   </div>
   <div class='ocr_carea' id='block_1_13' title="bbox 1902 3604 3442 3696">
    <p class='ocr_par' dir='ltr' id='par_1_13' title="bbox 1902 3604 3442 3696">
     <span class='ocr_line' id='line_1_60' title="bbox 1902 3604 3442 3696; baseline 0.004 -26"><span class='ocrx_word' id='word_1_357' title='bbox 1902 3624 2093 3670; x_wconf 76' lang='lat' dir='ltr'><strong>mm</strong></span> <span class='ocrx_word' id='word_1_358' title='bbox 2137 3614 2410 3670; x_wconf 82' lang='lat' dir='ltr'><strong>veterum</strong></span> <span class='ocrx_word' id='word_1_359' title='bbox 2429 3647 2448 3683; x_wconf 87' lang='lat'>‚</span> <span class='ocrx_word' id='word_1_360' title='bbox 2501 3604 2767 3671; x_wconf 76' lang='lat' dir='ltr'><strong>alterum</strong></span> <span class='ocrx_word' id='word_1_361' title='bbox 2827 3605 3181 3674; x_wconf 80' lang='lat' dir='ltr'><strong>colonorum</strong></span> <span class='ocrx_word' id='word_1_362' title='bbox 3198 3660 3221 3695; x_wconf 85' lang='lat'><strong>,</strong></span> <span class='ocrx_word' id='word_1_363' title='bbox 3283 3631 3442 3696; x_wconf 77' lang='lat' dir='ltr'><strong>quos</strong></span> 
     </span>
    </p>
   </div>
   <div class='ocr_carea' id='block_1_14' title="bbox 1891 3693 3441 3792">
    <p class='ocr_par' dir='ltr' id='par_1_14' title="bbox 1891 3693 3441 3792">
     <span class='ocr_line' id='line_1_61' title="bbox 1891 3693 3441 3792; baseline 0.004 -25"><span class='ocrx_word' id='word_1_364' title='bbox 1891 3703 1988 3767; x_wconf 89' lang='lat' dir='ltr'><strong>·T.</strong></span> <span class='ocrx_word' id='word_1_365' title='bbox 2028 3699 2319 3767; x_wconf 69' lang='lat' dir='ltr'><strong>Manlius</strong></span> <span class='ocrx_word' id='word_1_366' title='bbox 2353 3712 2625 3787; x_wconf 62' lang='lat' dir='ltr'><strong>praetor</strong></span> <span class='ocrx_word' id='word_1_367' title='bbox 2666 3723 2749 3769; x_wconf 81' lang='lat' dir='ltr'><strong>ex</strong></span> <span class='ocrx_word' id='word_1_368' title='bbox 2796 3693 2869 3770; x_wconf 82' lang='lat' dir='ltr'><strong>S.</strong></span> <span class='ocrx_word' id='word_1_369' title='bbox 2927 3704 2995 3770; x_wconf 82' lang='lat' dir='ltr'><strong>C.</strong></span> <span class='ocrx_word' id='word_1_370' title='bbox 3061 3705 3134 3771; x_wconf 85' lang='lat' dir='ltr'><strong>de</strong></span> <span class='ocrx_word' id='word_1_371' title='bbox 3192 3707 3441 3792; x_wconf 76' lang='lat' dir='ltr'><strong>oppidis</strong></span> 
     </span>
    </p>
   </div>
   <div class='ocr_carea' id='block_1_15' title="bbox 1904 3794 3443 3992">
    <p class='ocr_par' dir='ltr' id='par_1_15' title="bbox 1904 3794 3443 3992">
     <span class='ocr_line' id='line_1_62' title="bbox 1904 3794 3443 3887; baseline 0.005 -24"><span class='ocrx_word' id='word_1_372' title='bbox 1904 3797 2261 3880; x_wconf 54' lang='lat' dir='ltr'><strong>Siculorum</strong></span> <span class='ocrx_word' id='word_1_373' title='bbox 2313 3794 2579 3864; x_wconf 75' lang='lat' dir='ltr'><strong>deduxit</strong></span> <span class='ocrx_word' id='word_1_374' title='bbox 2628 3803 3063 3887; x_wconf 73' lang='lat' dir='ltr'><strong>Agrigentum</strong></span> <span class='ocrx_word' id='word_1_375' title='bbox 3086 3850 3107 3881; x_wconf 93' lang='lat'>‚</span> <span class='ocrx_word' id='word_1_376' title='bbox 3191 3815 3443 3871; x_wconf 78' lang='lat' dir='ltr'><strong>cautum</strong></span> 
     </span>
     <span class='ocr_line' id='line_1_63' title="bbox 1906 3893 3442 3992; baseline 0.006 -33"><span class='ocrx_word' id='word_1_377' title='bbox 1906 3896 1983 3982; x_wconf 62' lang='lat' dir='ltr'><strong>est</strong></span> <span class='ocrx_word' id='word_1_378' title='bbox 2016 3898 2097 3960; x_wconf 34' lang='lat' dir='ltr'><strong>in.</strong></span> <span class='ocrx_word' id='word_1_379' title='bbox 2123 3893 2441 3980; x_wconf 72' lang='lat' dir='ltr'><strong>Scipionis</strong></span> <span class='ocrx_word' id='word_1_380' title='bbox 2477 3894 2755 3980; x_wconf 79' lang='lat' dir='ltr'><strong>legibus,</strong></span> <span class='ocrx_word' id='word_1_381' title='bbox 2807 3917 2887 3961; x_wconf 73' lang='lat' dir='ltr'><strong>ne</strong></span> <span class='ocrx_word' id='word_1_382' title='bbox 2910 3899 3127 3982; x_wconf 80' lang='lat' dir='ltr'><strong>plures</strong></span> <span class='ocrx_word' id='word_1_383' title='bbox 3162 3900 3339 3992; x_wconf 77' lang='lat' dir='ltr'><strong>effent</strong></span> <span class='ocrx_word' id='word_1_384' title='bbox 3371 3905 3442 3968; x_wconf 74' lang='lat' dir='ltr'><strong>in</strong></span> 
     </span>
    </p>
   </div>
   <div class='ocr_carea' id='block_1_16' title="bbox 257 3991 3439 4084">
    <p class='ocr_par' dir='ltr' id='par_1_16' title="bbox 257 3991 3439 4084">
     <span class='ocr_line' id='line_1_64' title="bbox 257 3991 3439 4084; baseline -0.002 -23"><span class='ocrx_word' id='word_1_385' title='bbox 257 3992 641 4070; x_wconf 86' lang='lat' dir='ltr'><strong>obtrudit,</strong></span> <span class='ocrx_word' id='word_1_386' title='bbox 697 3994 805 4056; x_wconf 86' lang='lat' dir='ltr'><strong>cui</strong></span> <span class='ocrx_word' id='word_1_387' title='bbox 853 3994 966 4058; x_wconf 79' lang='lat' dir='ltr'><strong>vel</strong></span> <span class='ocrx_word' id='word_1_388' title='bbox 1016 4012 1257 4070; x_wconf 87' lang='lat' dir='ltr'><strong>nemo,</strong></span> <span class='ocrx_word' id='word_1_389' title='bbox 1310 3995 1423 4059; x_wconf 83' lang='lat' dir='ltr'><strong>vel</strong></span> <span class='ocrx_word' id='word_1_390' title='bbox 1472 3993 1614 4060; x_wconf 82' lang='lat' dir='ltr'><strong>sola</strong></span> <span class='ocrx_word' id='word_1_391' title='bbox 1654 3995 1825 4084; x_wconf 77' lang='lat' dir='ltr'><strong>Har·</strong></span> <span class='ocrx_word' id='word_1_392' title='bbox 1888 3991 2118 4079; x_wconf 68' lang='lat' dir='ltr'><strong>senatu</strong></span> <span class='ocrx_word' id='word_1_393' title='bbox 2151 4009 2232 4055; x_wconf 80' lang='lat' dir='ltr'><strong>ex</strong></span> <span class='ocrx_word' id='word_1_394' title='bbox 2267 3991 2625 4055; x_wconf 79' lang='lat' dir='ltr'><strong>colonorum</strong></span> <span class='ocrx_word' id='word_1_395' title='bbox 2652 4010 2937 4068; x_wconf 72' lang='lat' dir='ltr'><strong>numero,</strong></span> <span class='ocrx_word' id='word_1_396' title='bbox 2994 4015 3184 4079; x_wconf 78' lang='lat' dir='ltr'><strong>quam</strong></span> <span class='ocrx_word' id='word_1_397' title='bbox 3217 4018 3303 4064; x_wconf 77' lang='lat' dir='ltr'><strong>ex</strong></span> <span class='ocrx_word' id='word_1_398' title='bbox 3330 4019 3439 4064; x_wconf 77' lang='lat' dir='ltr'><strong>ve..</strong></span> 
     </span>
    </p>
   </div>
   <div class='ocr_carea' id='block_1_17' title="bbox 256 4086 1823 4270">
    <p class='ocr_par' dir='ltr' id='par_1_17' title="bbox 256 4086 1823 4270">
     <span class='ocr_line' id='line_1_65' title="bbox 256 4086 1479 4177; baseline -0.003 -19"><span class='ocrx_word' id='word_1_399' title='bbox 256 4092 474 4158; x_wconf 79' lang='lat' dir='ltr'><strong>duini</strong></span> <span class='ocrx_word' id='word_1_400' title='bbox 528 4086 795 4154; x_wconf 84' lang='lat' dir='ltr'><strong>soboles</strong></span> <span class='ocrx_word' id='word_1_401' title='bbox 839 4088 1045 4153; x_wconf 86' lang='lat' dir='ltr'><strong>fidem</strong></span> <span class='ocrx_word' id='word_1_402' title='bbox 1091 4088 1363 4155; x_wconf 79' lang='lat' dir='ltr'><strong>habeat.</strong></span> <span class='ocrx_word' id='word_1_403' title='bbox 1418 4092 1479 4177; x_wconf 80' lang='lat'><strong>⁸)</strong></span> 
     </span>
     <span class='ocr_line' id='line_1_66' title="bbox 363 4184 1823 4270; baseline -0.003 -18"><span class='ocrx_word' id='word_1_404' title='bbox 363 4184 626 4252; x_wconf 88' lang='lat' dir='ltr'><strong>MON.</strong></span> <span class='ocrx_word' id='word_1_405' title='bbox 647 4184 849 4249; x_wconf 75' lang='lat' dir='ltr'><strong>VRB.</strong></span> <span class='ocrx_word' id='word_1_406' title='bbox 877 4197 997 4248; x_wconf 82' lang='lat' dir='ltr'><strong>aut</strong></span> <span class='ocrx_word' id='word_1_407' title='bbox 1033 4204 1160 4270; x_wconf 86' lang='lat' dir='ltr'><strong>pro</strong></span> <span class='ocrx_word' id='word_1_408' title='bbox 1197 4184 1332 4249; x_wconf 87' lang='lat' dir='ltr'><strong>hoc</strong></span> <span class='ocrx_word' id='word_1_409' title='bbox 1363 4184 1823 4251; x_wconf 78' lang='lat' dir='ltr'><strong>ANTIOXIA</strong></span> 
     </span>
    </p>
   </div>
   <div class='ocr_carea' id='block_1_18' title="bbox 253 4279 1821 4369">
    <p class='ocr_par' dir='ltr' id='par_1_18' title="bbox 253 4279 1821 4369">
     <span class='ocr_line' id='line_1_67' title="bbox 253 4279 1821 4369; baseline -0.004 -19"><span class='ocrx_word' id='word_1_410' title='bbox 253 4284 338 4350; x_wconf 77' lang='lat' dir='ltr'><strong>in</strong></span> <span class='ocrx_word' id='word_1_411' title='bbox 376 4279 630 4348; x_wconf 78' lang='lat' dir='ltr'><strong>obviis</strong></span> <span class='ocrx_word' id='word_1_412' title='bbox 693 4282 914 4345; x_wconf 80' lang='lat' dir='ltr'><strong>nuruis</strong></span> <span class='ocrx_word' id='word_1_413' title='bbox 959 4281 1339 4366; x_wconf 80' lang='lat' dir='ltr'><strong>imperante</strong></span> <span class='ocrx_word' id='word_1_414' title='bbox 1387 4283 1713 4369; x_wconf 86' lang='lat' dir='ltr'><strong>Philippo</strong></span> <span class='ocrx_word' id='word_1_415' title='bbox 1751 4279 1821 4343; x_wconf 82' lang='lat' dir='ltr'><strong>fi-</strong></span> 
     </span>
    </p>
   </div>
   <div class='ocr_carea' id='block_1_19' title="bbox 1901 4085 3443 4365">
    <p class='ocr_par' dir='ltr' id='par_1_19' title="bbox 1901 4085 3443 4365">
     <span class='ocr_line' id='line_1_68' title="bbox 1909 4085 3440 4177; baseline 0.005 -26"><span class='ocrx_word' id='word_1_416' title='bbox 1909 4095 2052 4151; x_wconf 62' lang='grc' dir='ltr'><strong>τινε</strong></span> <span class='ocrx_word' id='word_1_417' title='bbox 2132 4085 2731 4172; x_wconf 62' lang='lat' dir='ltr'><strong>Agrigentinorum.</strong></span> <span class='ocrx_word' id='word_1_418' title='bbox 2890 4088 2999 4153; x_wconf 82' lang='lat' dir='ltr'><strong>De</strong></span> <span class='ocrx_word' id='word_1_419' title='bbox 3095 4090 3440 4177; x_wconf 75' lang='lat' dir='ltr'><strong>Emporiis</strong></span> 
     </span>
     <span class='ocr_line' id='line_1_69' title="bbox 1907 4182 3443 4268; baseline 0.006 -23"><span class='ocrx_word' id='word_1_420' title='bbox 1907 4182 2323 4268; x_wconf 85' lang='lat' dir='ltr'><strong>Hispaniae,</strong></span> <span class='ocrx_word' id='word_1_421' title='bbox 2391 4200 2680 4267; x_wconf 89' lang='lat' dir='ltr'><strong>quarum</strong></span> <span class='ocrx_word' id='word_1_422' title='bbox 2731 4183 3000 4248; x_wconf 86' lang='lat' dir='ltr'><strong>incolae</strong></span> <span class='ocrx_word' id='word_1_423' title='bbox 3043 4185 3443 4254; x_wconf 83' lang='lat' dir='ltr'><strong>constabant</strong></span> 
     </span>
     <span class='ocr_line' id='line_1_70' title="bbox 1901 4277 3438 4365; baseline 0.007 -24"><span class='ocrx_word' id='word_1_424' title='bbox 1901 4277 2224 4365; x_wconf 82' lang='lat' dir='ltr'><strong>Hispanis</strong></span> <span class='ocrx_word' id='word_1_425' title='bbox 2260 4277 2618 4364; x_wconf 84' lang='lat' dir='ltr'><strong>indigenis,</strong></span> <span class='ocrx_word' id='word_1_426' title='bbox 2648 4277 2911 4344; x_wconf 86' lang='lat' dir='ltr'><strong>colonis</strong></span> <span class='ocrx_word' id='word_1_427' title='bbox 2948 4278 3229 4347; x_wconf 88' lang='lat' dir='ltr'><strong>Graecis</strong></span> <span class='ocrx_word' id='word_1_428' title='bbox 3262 4283 3438 4351; x_wconf 85' lang='lat' dir='ltr'><strong>Pho-</strong></span> 
     </span>
    </p>
   </div>
   <div class='ocr_carea' id='block_1_20' title="bbox 252 4373 3444 4470">
    <p class='ocr_par' dir='ltr' id='par_1_20' title="bbox 252 4373 3444 4470">
     <span class='ocr_line' id='line_1_71' title="bbox 252 4373 3444 4470; baseline 0.002 -27"><span class='ocrx_word' id='word_1_429' title='bbox 252 4381 544 4470; x_wconf 77' lang='lat' dir='ltr'><strong>gnatis.</strong></span> <span class='ocrx_word' id='word_1_430' title='bbox 643 4376 980 4441; x_wconf 73' lang='lat' dir='ltr'><strong>Adnorsa</strong></span> <span class='ocrx_word' id='word_1_431' title='bbox 1012 4375 1187 4442; x_wconf 86' lang='lat' dir='ltr'><strong>haec</strong></span> <span class='ocrx_word' id='word_1_432' title='bbox 1238 4378 1588 4443; x_wconf 78' lang='lat' dir='ltr'><strong>voeabula</strong></span> <span class='ocrx_word' id='word_1_433' title='bbox 1632 4375 1824 4441; x_wconf 79' lang='lat' dir='ltr'><strong>aliud</strong></span> <span class='ocrx_word' id='word_1_434' title='bbox 1901 4393 2081 4440; x_wconf 80' lang='lat' dir='ltr'><strong>caea</strong></span> <span class='ocrx_word' id='word_1_435' title='bbox 2130 4373 2519 4462; x_wconf 73' lang='lat' dir='ltr'><strong>profectiS,</strong></span> <span class='ocrx_word' id='word_1_436' title='bbox 2570 4376 2951 4441; x_wconf 73' lang='lat' dir='ltr'><strong>et‘colonis</strong></span> <span class='ocrx_word' id='word_1_437' title='bbox 3007 4379 3349 4446; x_wconf 86' lang='lat' dir='ltr'><strong>Romanis·</strong></span> <span class='ocrx_word' id='word_1_438' title='bbox 3396 4403 3444 4449; x_wconf 88' lang='lat' dir='ltr'><strong>a</strong></span> 
     </span>
    </p>
   </div>
   <div class='ocr_carea' id='block_1_21' title="bbox 327 4580 1159 4664">
    <p class='ocr_par' dir='ltr' id='par_1_21' title="bbox 327 4580 1159 4664">
     <span class='ocr_line' id='line_1_72' title="bbox 327 4580 1159 4664; baseline -0.008 -18"><span class='ocrx_word' id='word_1_439' title='bbox 327 4595 402 4664; x_wconf 76' lang='lat' dir='ltr'><strong>a)</strong></span> <span class='ocrx_word' id='word_1_440' title='bbox 439 4590 550 4645; x_wconf 82' lang='lat' dir='ltr'><strong>De</strong></span> <span class='ocrx_word' id='word_1_441' title='bbox 577 4580 758 4643; x_wconf 77' lang='lat' dir='ltr'><strong>&#39;numo</strong></span> <span class='ocrx_word' id='word_1_442' title='bbox 791 4584 1159 4643; x_wconf 62' lang='lat' dir='ltr'><strong>Treboniam.</strong></span> 
     </span>
    </p>
   </div>
   <div class='ocr_carea' id='block_1_22' title="bbox 1352 4581 2128 4659">
    <p class='ocr_par' dir='ltr' id='par_1_22' title="bbox 1352 4581 2128 4659">
     <span class='ocr_line' id='line_1_73' title="bbox 1352 4581 2128 4659; baseline 0.004 -20"><span class='ocrx_word' id='word_1_443' title='bbox 1352 4581 1411 4653; x_wconf 81' lang='lat' dir='ltr'><strong>b)</strong></span> <span class='ocrx_word' id='word_1_444' title='bbox 1449 4586 1508 4638; x_wconf 78' lang='lat' dir='ltr'><strong>in</strong></span> <span class='ocrx_word' id='word_1_445' title='bbox 1545 4585 1703 4642; x_wconf 71' lang='lat' dir='ltr'><strong>Verr-</strong></span> <span class='ocrx_word' id='word_1_446' title='bbox 1737 4586 1802 4643; x_wconf 78' lang='lat' dir='ltr'><strong>L:</strong></span> <span class='ocrx_word' id='word_1_447' title='bbox 1839 4587 1917 4641; x_wconf 85' lang='lat'><strong>11.</strong></span> <span class='ocrx_word' id='word_1_448' title='bbox 1955 4602 2004 4647; x_wconf 62' lang='lat' dir='ltr'><strong>c,</strong></span> <span class='ocrx_word' id='word_1_449' title='bbox 2037 4603 2128 4659; x_wconf 81' lang='lat'><strong>5⁰·</strong></span> 
     </span>
    </p>
   </div>
   <div class='ocr_carea' id='block_1_23' title="bbox 2799 4665 3075 4756">
    <p class='ocr_par' dir='ltr' id='par_1_23' title="bbox 2799 4665 3075 4756">
     <span class='ocr_line' id='line_1_74' title="bbox 2799 4665 3075 4756; baseline 0.011 -24"><span class='ocrx_word' id='word_1_450' title='bbox 2799 4665 3075 4756; x_wconf 68' lang='lat' dir='ltr'><strong>sz&#39;</strong></span> 
     </span>
    </p>
   </div>
  </div>
 </body>
</html>
