4125 5500
667 1678 674 1681 .
770 1597 887 1677 C.,

653 2216 666 2249 .
763 2172 990 2256 capite,
1035 2168 1350 2258 Augusti,
1424 2171 1535 2237 sed
1569 2174 1780 2261 etiam
1830 2172 2135 2249 Tiberii,
2206 2185 2275 2251 et

779 562 924 651 3sp
1053 572 1070 581 -
2580 537 3217 615 [TVRAEA.

1487 534 2200 621 TRACHONI
2227 539 2482 629 TIS,

781 743 1083 805 dentium
1125 734 1342 803 fatum
1373 741 1640 825 pendet.
1746 740 1836 804 Hi
1874 760 2109 803 omnes
2133 738 2291 802 hac·
2380 755 2620 802 numus
2690 736 2979 823 signatus
3024 732 3111 798 est
3183 733 3275 800 ab
3318 732 3650 801 autumno
3674 739 3772 802 ·V.
3823 735 3905 801 C.

781 851 972 910 tenus
997 839 1259 899 nemine
1288 850 1702 921 repugnante
1723 833 2291 920 Caesaraugustae
2383 854 2423 915 7
2428 853 2546 917 50

778 929 1300 997 Tarraconensis
1331 930 1501 993 urbi
1588 933 1824 996 tributi
1878 930 2109 1007 fuere,
2210 950 2293 992 ac
2476 932 2567 993 Vt
2603 929 2985 991 inveniatur
3025 927 3231 1006 urbs,
3322 947 3499 1011 quae
3546 928 3764 992 literis
3814 928 3892 994 C.

774 1025 1178 1111 postremum
1213 1026 1300 1090 ab
1333 1025 1475 1110 ipso
1521 1029 1729 1091 etiam
1775 1027 2089 1090 Florezio
2142 1046 2284 1088 eru·
2374 1027 2460 1087 A.
2498 1023 2706 1109 possit
2746 1026 3019 1101 notari,
3069 1023 3586 1108 inquirendum,
3641 1044 3733 1087 an
3770 1025 3905 1089 ele·

773 1122 1099 1184 ditissimo
1135 1135 1450 1183 monetae
1470 1121 1875 1207 Hispanicae
1903 1109 2331 1212 interprete.
2370 1133 2677 1201 mentum
2714 1118 2771 1183 C
2804 1119 3023 1207 possit
3065 1120 3368 1191 indicare
3388 1116 3797 1197 Coloniam;
3857 1120 3901 1184 fi

864 1215 1276 1280 Adversatur
1316 1215 1708 1283 Pellerinius
1743 1216 1849 1298 ),
1902 1220 1952 1282 Ι.
1999 1219 2159 1302 quia
2186 1217 2286 1280 fa·
2375 1204 2550 1292 hoc,
2602 1229 2746 1278 tum
2793 1217 3064 1300 sequens
3090 1217 3148 1277 A
3193 1211 3537 1301 eritjlitera
3575 1208 3892 1301 ἀρχαιεσκ

769 1314 1003 1375 bricae
1071 1311 1284 1376 causis
1333 1312 1546 1375 nimio
1597 1314 1928 1378 abludunt
2000 1335 2045 1378 a
2083 1316 2284 1376 certis
2374 1312 2584 1374 urbis,
2687 1310 3062 1391 Coloniae,
3146 1330 3322 1394 quae
3372 1312 3668 1394 primam
3716 1313 3893 1376 hanc

773 1404 1440 1492 CaesaraugustaniS,
1493 1418 1563 1469 et
1617 1408 1761 1473 sunt
1806 1411 2031 1495 operis
2081 1410 2283 1496 plane
2370 1408 2640 1469 literam
2689 1407 2991 1487 habent,
3062 1410 3132 1471 in
3172 1407 3376 1488 Syria
3435 1405 3576 1470 late
3626 1406 3894 1494 sumpta

767 1503 1072 1587 Syr-iaci,
1156 1503 1390 1589 quales
1435 1502 1578 1566 sunt
1616 1505 1805 1571 obvii
1867 1506 2166 1593 inscripti
2210 1504 2279 1569 S.
2374 1502 2520 1564 sunt
2560 1514 2747 1583 tres,
2798 1503 3172 1571 Antiochia
3212 1502 3300 1565 ad
3334 1501 3717 1580 Orontem,
3752 1506 3891 1567 Ace

964 1598 1080 1683 qui
1119 1599 1528 1665 Antiochiae
1625 1600 1868 1685 Syriae
1922 1600 2129 1665 tribui
2184 1600 2278 1665 so·
2372 1611 2440 1659 et
2477 1600 2683 1663 Arca.
2784 1574 3157 1662 Antiochia
3183 1599 3409 1660 notari
3460 1600 3734 1680 nequit;
3799 1600 3885 1660 se

770 1693 1236 1775 lent.11.1n
1309 1692 1936 1783 Caesaraugustanis
2025 1682 2282 1783 semper
2368 1695 2507 1767 rius
2561 1697 2739 1759 enim
2785 1695 3152 1763 aedificata
3186 1713 3239 1756 a·
3287 1691 3574 1759 Seleuco
3623 1694 3885 1805 epocha

766 1793 1209 1875 praeponitur
1236 1789 1420 1853 aliud
1463 1787 1565 1869 C,
1645 1796 1892 1878 nempe
1940 1791 2278 1859 Coloniae
2366 1802 2511 1855 tam
2550 1801 2822 1857 remota
2861 1791 2956 1854 uti
2988 1810 3125 1854 non
3168 1790 3435 1874 potuit,
3490 1802 3564 1852 et
3594 1791 3884 1875 primum

741 1896 971 1962 mota,
1023 1884 1107 1950 sic
1145 1900 1221 1951 ut
1255 1884 1329 1948 [it
1367 1883 1442 1949 C.
1487 1887 1556 1952 C.
1601 1890 1684 1952 A.
1723 1886 1853 1954 111
1893 1886 1964 1950 Si
1999 1884 2277 1957 Caesar·
2368 1884 2481 1953 sub
2523 1883 2892 1951 Caracalla
2942 1888 3242 1957 deducta
3276 1881 3365 1947 est
3405 1883 3709 1950 colonia.
3758 1886 3883 1949 Ne-

675 1988 684 1995 '
768 1977 1112 2065 augustani
1147 1999 1388 2047 numos
1407 1980 1490 2043 fic
1521 1966 1873 2068 inscriptos
1903 1972 2271 2066 signassent,
2365 2000 2493 2063 que
2549 1982 2640 2045 ad
2685 1983 2874 2043 Acen
2933 1980 3175 2049 referri
3224 1977 3477 2066 potest,
3551 2001 3731 2064 quae
3769 1982 3880 2044 diu

759 2077 1211 2161 reperirentur
1241 2077 1448 2141 etiam
1466 2076 1703 2143 similes
1723 2097 1858 2140 non
1881 2078 2089 2143 modo
2121 2096 2274 2149 cum
2362 2089 2519 2149 ante
2562 2075 2928 2163 Augustum
2978 2096 3226 2165 nomen
3287 2074 3473 2139 suum
3540 2076 3609 2139 in
3657 2076 3877 2139 Ptole-

2359 2172 2635 2236 maiden
2670 2173 3109 2252 immutavit,
3175 2174 3338 2257 quin
3384 2183 3452 2234 et
3502 2171 3619 2235 sub
3681 2168 3881 2235 Clau·

2360 2266 2476 2329 dio
2536 2267 2808 2333 demum
2864 2268 3161 2333 deducta
3217 2268 3507 2337 colonia.
3618 2267 3868 2355 Neque

2359 2362 2450 2427 ad
2498 2365 2791 2447 Arcam,
2853 2384 3069 2446 quae,
3164 2363 3207 2427 fi
3261 2362 3378 2429 sub
3426 2358 3717 2450 Augusto
3762 2358 3863 2425 sa-

2334 2469 2469 2535 ‚cta
2486 2455 2709 2525 fuisset
2735 2460 3011 2527 colonia
3036 2506 3056 2537 ,
3099 2460 3287 2545 quod
3322 2460 3717 2543 ignoratur,
3762 2475 3868 2523 an·

740 2266 1155 2355 [Caligulam
1222 2268 1340 2353 sub.
1394 2286 1530 2350 quo
1561 2270 1833 2333 demum
1898 2267 2275 2339 desiverunt

759 2362 1013 2448 signare
1069 2375 1436 2431 monetam.
1490 2365 1604 2429 lv,
1669 2364 1910 2427 Omnis
1943 2356 2270 2449 epocha,

761 2458 1036 2543 qualem
1075 2471 1254 2527 certe
1283 2459 1353 2523 in
1420 2460 1636 2525 altero
1681 2459 2012 2546 descripto
2061 2479 2269 2531 numo

756 2554 1062 2636 indicant
1094 2555 1334 2619 literae
1387 2555 1581 2633 ΛΤ.,
1677 2552 1952 2641 praeter
2007 2574 2269 2619 morem
2351 2553 2545 2638 tiquo
2586 2556 2857 2621 nomine
2896 2555 3131 2621 saltem
3166 2553 3310 2617 solo
3366 2553 3485 2617 usa
3532 2572 3672 2615 non
3721 2551 3863 2617 fuir·

757 2646 1212 2735 Hispanorum
1234 2647 1340 2717 est.
1395 2652 1480 2717 V.
1505 2651 2062 2735 Ejusmodinumi
2084 2669 2268 2723 com·
2352 2648 2449 2715 set
2480 2652 2549 2717 in
2593 2669 2838 2727 numo,
2890 2650 3007 2715 sed·
3037 2650 3167 2714 sese
3220 2648 3591 2715 Coloniam
3628 2645 3857 2715 Caesa·

743 2744 984 2832 ,plures
1021 2746 1386 2828 Bellerinio
1427 2768 1512 2811 ex
1559 2747 1761 2831 Syria
1813 2746 2006 2826 allati
2052 2744 2264 2812 fuere.
2344 2764 2551 2824 ,ream
2586 2742 3021 2831 inscripfflret.

858 2843 1199 2926 Suadente
1251 2863 1414 2929 ergo
1460 2841 1765 2921 fabrica,
1858 2843 1990 2910 hos
2019 2850 2262 2918 numos
2350 2908 2357 2914 ,
2453 2839 2623 2910 Cum
2642 2842 2845 2926 igitur
2870 2840 3142 2916 literaC
3177 2839 3545 2906 Coloniam
3568 2841 3857 2908 indicare

756 2939 829 3000 in
862 2938 1132 3022 Syriam
1159 2931 1571 3001 derivandos
1597 2986 1616 3015 ,
1670 2949 1746 2999 ut
1781 2939 1840 3000 is
1875 2938 2112 3000 urbem
2150 2937 2267 2999 eli·
2348 2957 2487 3004 non
2526 2936 2781 3024 possit,
2835 2937 2987 3002 alia·
3008 2939 3132 3003 via
3185 2935 3587 3022 explicandi
3646 2936 3863 3000 literas

760 3047 982 3109 ceret,
1036 3035 1366 3114 adquam
1400 3034 1447 3108 ii
1483 3032 1740 3116 possent
1778 3030 2057 3108 referri,
2113 3051 2263 3093 coe·
2352 3029 2430 3098 C.
2453 3033 2539 3102 A.
2578 3051 2715 3100 non
2749 3032 3074 3118 superest,
3144 3051 3353 3122 quam
3383 3031 3678 3120 legendo
3730 3032 3870 3096 Cas-

758 3129 864 3235 pit
909 3128 1200 3236 primum
1247 3127 1316 3188 in
1376 3138 1691 3190 naturam
1747 3125 2055 3211 epochae
2105 3127 2261 3190 ΛΤ.
2329 3126 2523 3212 sareu
2570 3127 2883 3214 Augaefia.
3000 3128 3314 3212 Quatuor
3371 3140 3573 3194 erant
3636 3127 3865 3211 Syriae

757 3223 1122 3306 inquirere.
1223 3219 1330 3284 Est
1360 3221 1472 3284 hic
1508 3240 1724 3286 annus
1765 3221 2139 3304 ejusmodi,
2190 3232 2307 3282 ut
2349 3220 2549 3286 urbes
2605 3220 2978 3287 Caesareae
3011 3224 3323 3288 nomine·
3430 3244 3487 3285 1.
3530 3220 3861 3286 Caesarea

759 3336 842 3380 ne
894 3317 1169 3401 quidem
1221 3337 1262 3381 a
1297 3319 1707 3404 perantiqua
1754 3305 2263 3382 Seleucidarum
2349 3312 2832 3394 Germanicia,
2890 3336 2952 3382 2.
2992 3318 3327 3382 Caesarea
3354 3316 3643 3394 Libani,
3706 3319 3859 3381 olim

757 3432 922 3480 aeta
959 3412 1168 3500 possit
1202 3415 1484 3490 deduci3
1536 3433 1698 3478 nam
1742 3413 2017 3478 additus
2057 3413 2148 3480 ad
2179 3414 2261 3478 V.
2346 3413 2668 3497 Arca,3
2680 3411 3071 3482 .Caesarea
3114 3409 3535 3482 Palaestinae
3590 3413 3865 3480 condita

758 3507 835 3573 C.
874 3521 1037 3591 442.
1078 3510 1353 3573 excedit
1389 3530 1641 3573 aevum
1678 3506 1954 3595 Augusti
1983 3556 2024 3598 ‚·
2077 3512 2262 3590 cujus
2350 3507 2437 3570 ab
2484 3507 2779 3576 Herode.
2831 3520 2900 3586 4.
2966 3509 3307 3580 Caesarea
3346 3508 3629 3574 Panias.
3712 3506 3858 3570 Ger-

759 3616 965 3690 caput
996 3606 1068 3691 in
1101 3604 1208 3682 his
1248 3604 1466 3670 numis
1515 3602 1764 3670 nstitur.
1868 3603 2108 3670 Censet
2145 3604 2262 3690 igi-

760 3712 903 3782 tur,
958 3717 1209 3776 annum
1270 3699 1446 3772 hunc
1487 3700 1958 3766 deducendum
1997 3697 2088 3761 ab
2138 3718 2263 3763 an-

756 3811 849 3856 no
879 3795 967 3857 V.
1017 3792 1094 3860 C.
1126 3804 1331 3876 4⁸21„
1419 3814 1555 3879 quo
1615 3795 2005 3879 Alexander
2035 3796 2138 3857 M.
2190 3797 2263 3856 in

758 3882 960 3971 Syria
1006 3888 1438 3966 versabatur,
1492 3892 1688 3974 eique
1744 3910 1790 3953 a
1817 3890 2030 3954 variis
2071 3888 2250 3954 urbi-

757 3982 888 4046 bus
929 3986 1229 4072 ingentes
1261 3984 1556 4050 honores
1616 3984 1839 4050 habiti
1897 3985 2078 4061 sunt,
2153 4004 2261 4048 cu·

749 4081 859 4161 jus
894 4082 992 4145 rei
1058 4079 1302 4145 illustre
1358 4094 1825 4166 argumentum
1885 4080 2267 4166 suppeditat

758 4178 980 4256 Arca,
1072 4175 1341 4258 subinde
1377 4175 1713 4252 Caesarea
1753 4170 1999 4244 Libani
2035 4176 2221 4240 dicta
2243 4225 2263 4257 ‚

762 4292 938 4355 quae
976 4273 1072 4335 illi
1109 4273 1437 4357 templum
1471 4271 1738 4349 struxit,
1790 4274 1856 4335 in
1892 4290 2026 4356 quo
2066 4271 2262 4333 sacri-

754 4367 920 4433 ficia
951 4368 1182 4432 adhuc
1228 4366 1600 4431 Alexandri
1654 4367 1807 4431 sev.
1856 4379 2269 4451 aetate-per-

760 4476 922 4526 acta
975 4463 1136 4530 sunta
1270 4462 1358 4527 Si'·
1393 4464 1595 4548 igitur
1651 4463 1918 4530 initium
1959 4459 2266 4545 epochae

764 4555 1087 4621 statuatur
1150 4577 1360 4622 annus
1410 4559 1496 4626 V.
1556 4557 1631 4620 C.
1680 4569 1886 4634 421.,
1957 4555 2264 4640 praesens

830 4689 885 4754 a)
925 4685 963 4746 Ι.
1001 4704 1047 4739 c.

2347 3604 2647 3670 manicia
2736 3603 2850 3666 vel
2937 3618 3313 3693 propterea
3393 3603 3861 3677 excludenda,

2347 3698 2514 3783 quia
2537 3697 2826 3785 Augusta
2865 3720 3211 3786 nunquam
3252 3702 3437 3766 dicta
3476 3698 3635 3768 fuit.
3688 3701 3862 3763 Idem

2348 3794 2707 3857 dicendum
2749 3796 2833 3857 de
2875 3794 3221 3861 Caesarea
3249 3796 3527 3866 Libani.
3629 3795 3857 3859 Caesa·

2346 3908 2471 3951 rea
2521 3887 2941 3958 Palaestinae
2980 3892 3069 3960 ab
3112 3892 3387 3958 Herode
3407 3891 3510 3955 M.
3555 3910 3595 3954 e
3628 3889 3858 3958 funda-

2348 3986 2594 4048 mentis
2629 3986 2934 4049 excitata
2970 3990 3042 4058 in
3093 4006 3345 4058 annum
3396 3987 3557 4052 AT.
3593 3990 3703 4068 jus
3740 4005 3857 4050 non

2345 4079 2581 4146 habet.
2681 4079 2850 4145 Sola
2876 4083 3081 4168 igitur
3131 4082 3331 4152 restat
3382 4080 3852 4158 CaesareaPa-

2343 4175 2535 4251 nias,
2591 4178 2701 4242 cui
2740 4177 3143 4248 tribuendos
3196 4180 3327 4244 hos
3367 4196 3615 4266 numos
3656 4177 3855 4242 censet
3914 4219 3920 4224 -

2345 4270 2742 4335 Pellerinius
2785 4273 3210 4357 sequentibus
3248 4285 3613 4362 praeterea
3630 4286 3842 4338 motus

2352 4367 2755 4433 rationibus.

2446 4462 2501 4523 I'.
2536 4461 2708 4526 Cum
2729 4465 2949 4529 literis·
2967 4466 3042 4529 C.
3070 4472 3146 4531 Α.
3172 4516 3190 4545 ,
3223 4487 3394 4552 quas
3417 4470 3713 4556 C-'asfirrea
3733 4468 3848 4534 Aa·

2341 4557 2525 4642 gusta
2557 4559 3040 4645 interpretatur
3071 4610 3089 4637 ,
3145 4567 3489 4649 conspirat
3524 4569 3709 4630 urbis
3748 4581 3844 4627 no·
