4125 5500
606 548 795 627 ..50

678 742 749 795 te
802 742 920 813 34.
945 776 965 807 ,
1018 746 1154 818 quo
1201 739 1553 808 narratur,
1607 744 1764 794 enm
1814 746 1971 794 eum
2027 730 2195 795 Tito

682 828 972 891 Tarsum
1003 826 1415 893 descendisse.
1468 831 1706 911 Apyouu
1739 834 1909 908 tuve,
1942 824 2200 911 Argaei

679 923 845 992 cauis
885 926 957 987 in
1019 924 1259 990 Cilicia
1316 924 1627 987 meminit
1689 924 1907 991 etiam
1974 926 2194 989 Zona-

691 1044 828 1093 rae.
866 1027 928 1104 ⁸)
1002 1068 1007 1073 -

1971 523 2542 609 clLlclA.

2385 731 2542 797 Hoc
2581 728 2759 795 inter
2789 723 3143 815 utriusque
3181 722 3372 796 urbis
3411 747 3658 800 numos
3717 729 3823 801 di.

2284 828 2568 895 scrimen
2589 828 2990 893 servandum
3016 825 3393 892 existimavi
3411 878 3433 907 ‚
3461 850 3602 895 non
3625 833 3822 918 quod
3885 874 3890 891 .

2283 925 2632 992 Pellerinii
2666 925 3074 993 anctoritate
3098 944 3206 988 me
3243 923 3471 1012 abripi
3505 932 3815 1014 paterer,

2287 1042 2337 1088 a
2374 1043 2515 1107 qua
2558 1023 2757 1109 saepe
2818 1022 3075 1108 apertis
3131 1023 3271 1103 ejus
3312 1024 3624 1108 ingratiis
3689 1027 3820 1091 dis.

2207 1188 2212 1195 ,
2288 1119 2495 1201 cersi,
2545 1119 2660 1185 sed
2699 1121 2886 1206 quod
2928 1131 3332 1203 argumenta
3356 1165 3375 1196 ,
3409 1118 3547 1185 five
3571 1170 3592 1203 ,
3629 1142 3817 1207 quae

1112 1206 1744 1300 Imperatori!

774 1412 1200 1484 ΛΡΓΕΙωΝ.
1253 1409 1618 1475 Mercurius
1626 1405 1949 1494 gradiens·
1964 1403 2030 1478 d.
2050 1426 2195 1472 cru-

670 1538 914 1586 menam
931 1562 951 1593 ,
986 1513 1053 1601 s.
1085 1506 1449 1585 caduceum,
1498 1510 1567 1571 in
1598 1525 1756 1572 area
1786 1506 2025 1592 majore
2040 1505 2197 1591 for..

658 1637 779 1683 m
818 1615 936 1677 IA.
1035 1604 1409 1672 Valeriani.
1464 1600 1847 1689 (Arigoni.)

664 1706 681 1790 ,’
771 1708 1195 1776 ΑΡΓΕΙωΝ.
1248 1702 1510 1789 Perseus
1524 1702 1715 1787 stans
1742 1699 1808 1763 d.
1842 1709 2033 1786 caput
2050 1698 2198 1764 Me-

668 1811 856 1899 'dusae
876 1855 897 1886 ,
929 1806 987 1894 s
1014 1804 1280 1888 harpam
1300 1848 1318 1879 ,
1360 1803 1430 1863 in
1466 1817 1621 1865 area
1648 1798 1767 1865 IA.
1816 1796 2196 1864 Valeriani.

655 1909 916 1997 ⁵(Num.
957 1915 1092 1967 vet.
1139 1921 1213 1986 p.
1258 1895 1460 1979 225.)

771 2002 1198 2069 ΑΡΓΕΙωΝ.
1249 1995 1542 2080 Iuppiter
1556 1989 1781 2079 sedem·
1794 1989 2194 2080 cispano-am,

652 2106 724 2193 s·
762 2101 1034 2191 hostum,
1090 2118 1216 2182 pro
1258 2090 1526 2179 pedibus
1573 2090 1864 2177 adsurgit
1892 2093 2156 2179 servm
2174 2137 2196 2171 .

538 2257 542 2260 ⁴
666 2221 832 2290 pone
864 2200 1179 2284 triquetra
1205 2240 1227 2272 ,
1276 2188 1649 2255 Valeriani.
1704 2186 1955 2273 (Ibid.)

775 2294 1196 2363 ΑΡΓΕΙωΝ.
1271 2287 1557 2362 coron-⁴,
1607 2288 1786 2353 intra
1840 2306 2031 2372 quam
2093 2285 2196 2353 ΙΕ.

679 2391 1002 2460 Gallieni.
1059 2385 1408 2475 (Pelletin.
1451 2380 1615 2447 Mel.
1637 2381 1693 2445 I.
1735 2401 1806 2468 p.
1855 2401 1973 2448 22.
2039 2384 2198 2449 Ari-

736 2487 912 2571 oni.)

688 2513 732 2583 g
775 2584 1200 2652 ΛΡΓΕΙωΝ.
1249 2582 1431 2647 Pavo
1449 2576 1670 2666 stans,
1701 2578 1912 2664 supra
1941 2578 2030 2656 Z,
2074 2576 2193 2643 Sa-

674 2686 974 2754 loninae.
1026 2674 1353 2769 (Pellerin
1385 2677 1427 2745 l.
1453 2674 1549 2759 c.)
1942 2686 1956 2701 ·

771 2785 921 2848 Hos
983 2797 1225 2844 numos
1270 2777 1364 2840 ad
1405 2774 1538 2842 hoc
1580 2776 1804 2860 Argos
1848 2773 2192 2858 pertinere

669 2894 946 2971 praeter
995 2879 1239 2941 harum
1278 2875 1631 2937 ,literarum
1678 2870 1936 2936 indicia
1977 2872 2192 2936 etiam

666 2978 839 3043 istud
872 2983 1275 3062 argumento
1315 2967 1405 3030 est
1429 3015 1447 3045 ‚
1493 2967 1681 3049 quod
1708 2971 1974 3050 paucae
1995 2966 2193 3032 Pelo-

612 3119 619 3125 ,
666 3074 945 3163 ponnefi
1005 3068 1206 3132 urbes
1268 3076 1467 3127 extra
1527 3061 1766 3124 Severi
1826 3059 2194 3144 imperium

671 3173 1019 3256 signavere
1072 3172 1462 3236 monetam,
1531 3168 1599 3219 et
1659 3175 1836 3239 quae
1892 3154 2193 3239 signave-

670 3278 869 3341 runt,
944 3279 1097 3325 eam
1162 3258 1285 3320 vix
1352 3256 1444 3317 ad
1507 3250 1845 3315 Gordiani
1890 3262 2194 3315 aetatem

670 3368 1141 3448 porrexerunt.
1241 3353 1499 3458 Hujus!
1522 3368 1694 3412 vero
1753 3358 2008 3411 tractus
2077 3347 2193 3411 sub

670 3459 816 3546 ipso
844 3455 1158 3521 Gallieno
1205 3451 1481 3531 ejusque
1524 3442 1801 3509 familia
1842 3443 2192 3528 copiosam

2283 1215 2425 1303 ipse
2469 1217 2695 1282 attulit
2714 1264 2734 1294 ‚
2807 1214 2940 1280 five
2993 1235 3171 1299 quae
3228 1216 3588 1303 indaganti
3643 1222 3820 1285 mihi

2283 1312 2416 1377 sese
2470 1313 2777 1377 obtulere
2806 1361 2826 1392 ‚
2899 1312 3057 1377 satis
3115 1310 3372 1378 idonea
3429 1315 3578 1380 visa
3614 1315 3814 1398 sunt,

2287 1402 2531 1492 ‘quibus
2557 1410 2902 1475 adsensum
2941 1405 3375 1498 praestarem.
3459 1413 3570 1475 At
3590 1433 3812 1500 nuper

2283 1505 2369 1568 cl.
2415 1504 2703 1571 Sestinus
2724 1504 3057 1571 ¹fastiditis
3100 1502 3384 1570 Ciliciae
3435 1510 3640 1595 Argis
3692 1531 3816 1575 nu.

2281 1622 2433 1667 mos
2479 1622 2716 1683 omnes
2773 1602 3128 1688 inscriptos
3174 1603 3564 1674 ΑΡΓΕΙΩΝ
3605 1608 3811 1694 Argis

2277 1699 2627 1785 Argolidis
2669 1698 3111 1764 restituendos
3152 1699 3387 1766 edixit.
3425 1694 3489 1785 ¹²)
3586 1702 3812 1769 Causa

2278 1793 2381 1863 illi
2421 1797 2840 1883 praecipua,
2894 1798 3081 1882 quod
3138 1793 3259 1858 fibi
3307 1817 3398 1864 ex
3458 1799 3810 1886 Pelopon-

2276 1889 2412 1955 nefi
2475 1893 2731 1958 vicinia
2796 1894 2983 1957 numi
3048 1891 3316 1975 aliquot
3375 1896 3812 1981 imperatorii

2276 1990 2619 2073 Argorum
2631 1991 2985 2076 Argolidis
3006 1987 3667 2078 Constantinopolim
3683 1997 3814 2060 ad..

2276 2083 2402 2148 lati
2441 2086 2680 2165 errent,
2721 2106 2906 2171 -quos
2937 2084 3328 2150 interfuere
3351 2090 3562 2153 etiam
3591 2090 3810 2158 iidem

2274 2180 2376 2245 illi
2411 2180 2555 2247 bini
2580 2230 2602 2262 ‚
2655 2203 2828 2268 quos
2872 2186 3094 2269 Argos
3141 2181 3426 2248 Ciliciae
3451 2185 3816 2259 sevocavit

2272 2275 2695 2344 PelleriniuS.
2795 2284 2889 2347 At
2921 2281 3101 2365 enim
3135 2293 3612 2363 argumentum
3635 2283 3810 2351 istud

2274 2395 2413 2438 non
2452 2375 2716 2462 semper
2750 2377 2987 2442 valere
3010 2425 3033 2455 ,
3084 2389 3161 2441 ut
3197 2377 3375 2441 inter
3412 2399 3654 2446 omnes
3701 2404 3809 2447 ar-

2271 2474 2359 2536 tis
2413 2470 2679 2538 nostrae
2733 2472 3051 2539 studiosos
3103 2470 3312 2536 facile
3357 2475 3665 2558 constat,
3718 2479 3806 2546 [ic

2273 2580 2341 2632 et
2376 2570 2515 2655 ipse
2557 2571 2734 2636 alias
2774 2568 3106 2656 professus
3145 2568 3257 2635 est.
3299 2569 3363 2654 θ)
3463 2574 3604 2639 Nili
3638 2597 3805 2669 ergo

2269 2665 2522 2731 iterata
2582 2668 2796 2753 possit
2843 2686 3389 2733 commemorare
3434 2674 3803 2760 exempla,

2268 2782 2513 2830 numos
2569 2765 2815 2830 similes
2878 2766 3425 2852 eodemflitinere
3497 2768 3802 2852 adferri,

2266 2862 2527 2926 nullam
2560 2851 2831 2949 reperio
2869 2864 3180 2928 mutandi
3203 2864 3458 2930 confi-lii
3481 2869 3653 2933 mihi
3673 2870 3803 2952 im-

2265 2958 2556 3042 politam
2617 2961 3109 3038 necessitatem.
3239 2964 3580 3042 Modum,
3650 2986 3808 3048 quo

2264 3053 2501 3128 literas
2543 3058 2654 3120 1A.
2701 3055 2801 3122 ΙΕ.
2841 3060 2911 3120 Ζ.
2940 3068 3070 3124 etc:
3120 3057 3463 3142 explicat,
3514 3080 3795 3146 vetent,

2265 3161 2342 3213 ut
2397 3170 2616 3234 aeque
2683 3152 2883 3235 aliis3
2954 3167 3163 3240 atque
3221 3156 3359 3241 ipse
3410 3158 3576 3238 fibi,
3650 3180 3804 3247 per·

2265 3244 2560 3312 suaserit.

2365 3344 2524 3427 Qua
2557 3348 2829 3413 ratione
2871 3350 3208 3434 triquetra
3247 3350 3438 3417 numi
3472 3353 3595 3415 ΙΙΙ.
3644 3372 3800 3419 cum

2266 3441 2466 3525 Argis
2523 3446 2869 3530 Argolidis
2935 3461 3414 3529 connectatur,
3466 3469 3593 3534 per
3640 3470 3801 3518 con·

670 3555 1003 3621 habemus
1044 3557 1392 3616 monetam
1426 3544 1637 3606 etiam
1661 3541 1932 3604 urbium
1954 3541 2191 3605 tenuis·
2259 3539 2553 3619 jecturas
2599 3542 2874 3626 copiose
2913 3543 3254 3627 disputavi
3305 3548 3374 3614 in
3430 3548 3601 3612 meis
3659 3551 3798 3614 Nu·

672 3653 1006 3718 (imarum.
1104 3648 1300 3710 Pavo
1324 3640 1418 3702 ad
1459 3638 1713 3701 cultum
1735 3637 2012 3701 Iunonis
2036 3657 2192 3734 per..

667 3752 843 3815 tinet
878 3745 1081 3830 Argis
1123 3733 1475 3822 Argolidis
1503 3733 1840 3797 celebrem
1866 3781 1888 3813 ,
1946 3746 2015 3798 et
2034 3735 2190 3798 Per.

671 3849 821 3911 seus
866 3844 1077 3906 domo
1120 3834 1413 3921 Argivus
1458 3830 1728 3917 penitus
1772 3848 1927 3898 cum
1962 3853 2048 3896 ea
2070 3834 2193 3896 Pe.

671 3938 1026 4026 loponnesi
1061 3933 1228 3999 urbe
1273 3928 1732 4006 connectitur,
1785 3927 1871 3991 de
1896 3949 2032 4013 quo
2073 3930 2194 3994 ab.

674 4039 856 4106 unde
901 4031 1165 4100 disserui
1208 4030 1279 4092 in
1319 4045 1474 4090 meo
1501 4044 1710 4110 opere
1751 4024 1923 4091 locis
1954 4027 2193 4091 lauda·

671 4140 785 4210 tie,
884 4134 991 4197 Ex
1045 4133 1178 4196 hac
1244 4143 1405 4212 ergo
1464 4121 1833 4208 metropoli
1884 4124 1955 4189 in
2012 4123 2194 4188 hanc

676 4232 968 4300 Ciliciae
1012 4225 1358 4295 coloniam
1402 4220 1595 4286 avita
1640 4217 1882 4308 religio
1925 4222 2195 4288 deriva-

675 4327 961 4397 taest.‘

2243 3993 2272 4007 Q

2266 3636 2394 3699 mis
2438 3648 2578 3702 vet.
2607 3639 2767 3702 inde
2802 3658 2852 3704 a
2889 3659 3046 3727 pag.
3095 3643 3209 3722 76.

2311 3820 2317 3834 ι
2363 3733 2515 3800 AE.
2569 3733 2714 3800 RR.

2712 3931 3328 4002 AVGVSTA.

2365 4119 2654 4190 Diversa
2697 4147 2742 4189 a
2784 4124 3055 4192 Sebaste
3100 4127 3402 4213 ejusdem
3441 4083 3797 4217 xegionis,

2247 4233 2340 4286 ,et
2379 4223 2621 4307 Papho
2649 4221 2910 4309 Cypri,
2954 4245 3131 4307 quae
3169 4227 3318 4311 ipsa
3339 4248 3616 4313 quoque
3651 4235 3801 4294 Au-

2267 4315 2434 4406 gusti
2479 4321 2792 4406 permiffu
2819 4323 3125 4410 Augffla
3169 4325 3524 4411 appellata
3555 4325 3694 4398 est.
3728 4321 3800 4410 d)

747 4572 805 4634 a)
842 4569 907 4621 L.
946 4570 1110 4633 XVI,
1147 4587 1194 4625 c.
1226 4587 1284 4641 5.

676 4641 829 4696 LIV.
866 4640 917 4710 §-
955 4656 1038 4708 23.

2231 4584 2312 4621 11.

1486 4569 1547 4640 b)
1584 4559 1802 4625 Letteie
1841 4570 1913 4622 T.
1950 4564 2059 4621 111.
2096 4585 2155 4640 p.
2197 4587 2219 4621 ι

2523 4568 2598 4637 ο),
2627 4568 2842 4624 Lettete
2878 4569 2950 4627 Τ.
2987 4572 3032 4625 1.
3069 4590 3128 4645 p.
3165 4591 3252 4643 97.
3329 4620 3334 4624 .
3480 4576 3539 4644 d)
3578 4578 3694 4632 Dio
3729 4576 3803 4630 L.
