4125 5500
1079 518 2397 676 ss'tewffi.mA.
2916 552 2935 557 ’
3152 609 3305 679 327

195 788 263 853 in
298 796 671 861 autonomo
720 806 788 851 n.
833 803 983 866 im,
1035 800 1103 852 et
1157 788 1230 852 in
1286 806 1495 855 numo
1545 789 1698 853 Ma·
1786 787 1879 853 ad
1918 785 2382 854 Commodum
2421 784 2493 851 in
2525 781 3003 875 plerarumque
3054 785 3302 873 Syriae

198 883 400 962 crini,
449 882 521 945 in
554 903 691 967 quo
733 883 978 968 legitur
1021 887 1164 949 AT.
1192 887 1282 952 K.
1325 889 1405 951 A.
1442 886 1517 951 id
1568 883 1693 951 este
1783 885 2051 949 urbium
2077 898 2356 949 moneta
2379 886 2706 963 visuntur,
2741 886 2835 948 ad
2861 883 3328 971 nullamepo-j.

189 980 530 1060 ΛΤτονομυ
577 978 707 1044 Και
747 983 986 1046 Ασυλυ.
1251 1026 1260 1039 .
1782 980 1984 1045 cham
2013 980 2365 1065 ‚applicari
2407 981 2705 1065 possunt,
2780 999 2918 1044 non
2957 980 3250 1063 [equitur
3279 1026 3305 1059 ς

275 1073 666 1150 Autonoma.
763 1076 978 1160 Hujus
1034 1074 1348 1162 frequens
1388 1081 1696 1159 mentio‘,
1780 1075 1962 1141 idem
2010 1075 2138 1140 else
2190 1074 2603 1139 sentiendum
2642 1077 2732 1139 de
2784 1074 3079 1154 literis‚·
3125 1092 3305 1158 quae

187 1178 260 1232 at
296 1169 578 1255 dempto
642 1171 852 1241 citato
919 1174 1214 1246 Macrini
1267 1194 1476 1239 numo
1535 1194 1694 1239 con-
1773 1182 1973 1236 certo·
2003 1173 2309 1256 quodam
2369 1172 2714 1257 progressu
2757 1217 2780 1249 ‚
2855 1183 3060 1257 atque
3122 1170 3307 1236 adeo

184 1259 426 1355 stanter
463 1268 760 1353 jungitur
794 1274 975 1332 cum'
1012 1269 1326 1347 ΙΕΡΑΣ,
1411 1282 1695 1357 uterque
1778 1278 1967 1333 certa
2000 1267 2173 1353 lege·
2197 1266 2490 1359 signatae
2548 1266 2697 1331 sunt
2756 1267 2826 1335 in
2880 1265 3302 1331 tetradrach-

177 1379 344 1426 vero
377 1362 616 1426 titulus
649 1362 794 1450 post
827 1362 1194 1450 Augustum
1231 1384 1392 1429 raro
1428 1368 1497 1431 in
1545 1386 1693 1432 mo·
1773 1366 1906 1428 mis
1931 1410 1954 1441 ,
2019 1362 2287 1427 duobus
2351 1362 2708 1428 minimum
2779 1361 3063 1427 saeculis
3140 1373 3302 1427 ante
3390 1405 3397 1413 -

175 1468 335 1521 neta
371 1469 653 1524 notatus
704 1456 851 1524 fors
895 1459 1111 1526 incisis
1154 1481 1282 1547 per
1333 1462 1720 1527 intervalla'
1775 1459 2065 1544 Trajani
2097 1478 2345 1524 aevum
2360 1458 2713 1545 percussis.
2788 1457 3307 1524 Observandum

173 1553 575 1640 privilegiis.
722 1554 1145 1621 Seleucenses
1223 1560 1696 1623 autonomiam
1774 1562 2137 1642 praeterea
2158 1602 2179 1636 ,
2226 1574 2350 1618 eas
2404 1566 2605 1619 notas
2655 1554 3153 1638 imperatorum
3190 1573 3331 1617 aem

172 1645 293 1712 fibi
326 1649 753 1721 extorserant
803 1653 978 1717 inter
1029 1652 1403 1718 discordias
1454 1655 1698 1719 Antio·
1773 1673 1869 1717 vo
1903 1650 2512 1737 numis·.impress'as
2546 1660 2896 1734 nunquam
2946 1668 3303 1716 numerum

168 1743 282 1807 chi
318 1745 479 1809 v11.
545 1757 616 1809 et
677 1747 868 1810 VIII.
941 1746 1261 1815 fratrum.
1337 1794 1342 1799 ·
1401 1746 1726 1816 Factum·
1776 1750 1838 1813 Θ
1874 1748 2246 1823 excedere,
2298 1760 2375 1810 ut
2423 1747 2721 1811 diximus
2756 1745 2831 1808 in
2878 1745 3099 1809 numis
3128 1746 3331 1811 Ber-.
3412 1750 3427 1765 ’

165 1838 745 1907 istud.secundum
781 1842 1139 1907 Eusebium
1190 1846 1277 1909 V.
1338 1842 1419 1910 C.
1481 1847 1696 1929 6450,
1771 1843 1999 1919 haeae
2034 1840 2524 1927 Cyrrhesticae.
2641 1840 2757 1904 Ad
2805 1842 3095 1906 eandem
3134 1860 3329 1927 epo--

164 1934 542 2002 secundum
590 1934 825 2002 Fastos
865 1937 1132 2003 Siculos
1182 1942 1347 2019 646.
1445 1941 1693 2007 Norifi-
1773 1940 1976 2005 cham
1996 1938 2297 2003 Neritius
2332 1956 2606 2025 quoque
2643 1936 2854 2023 exigit
2885 1956 3163 2002 numum
3197 1936 3302 2000 lo-

163 2050 241 2095 us
277 2031 511 2123 priori
547 2031 915 2115 sententiae
944 2034 1268 2101 adhaesit.
1307 2082 1312 2087 -
1369 2035 1562 2101 Haec
1610 2039 1726 2103 li-.
1774 2039 1838 2101 ci
1881 2038 2029 2102 XV.
2052 2083 2074 2115 ‚
2126 2033 2211 2098 fic
2257 2046 2532 2115 tamen,
2584 2044 2662 2098 ut
2709 2031 3077 2116 subjectam
3144 2033 3333 2099 'lite-.
3406 2100 3411 2105 ,

158 2124 395 2192 bertas
437 2127 644 2194 causa
675 2126 811 2195 fuit
842 2128 1364 2198 Seleucenfibus.
1400 2135 1720 2221 condem·
1770 2144 1922 2198 ram
1953 2132 2018 2196 K
2076 2150 2215 2195 non
2265 2131 2605 2219 pertinere
2669 2129 2764 2209 ad
2829 2147 3091 2195 annum.
3132 2148 3301 2215 epo-

161 2222 294 2290 dae
329 2242 570 2292 novae
604 2226 911 2313 epochae
930 2273 953 2307 ,
1006 2238 1081 2291 ut
1138 2229 1428 2295 dicetur.
1773 2228 1983 2310 chae,
2033 2226 2152 2291 sed
2222 2228 2347 2292 else
2410 2237 2655 2293 notam
2734 2225 3099 2291 monetarii
3160 2225 3300 2289 exi-

745 2371 777 2406 ,
925 2322 957 2358 ⁴
1106 2373 1137 2406 ,,
1774 2321 2017 2394 stimet.

252 2414 517 2484 Montio
539 2417 692 2504 fiius
724 2438 772 2483 a
804 2417 1052 2485 Pieria.
1102 2419 1398 2486 Plinius:
1443 2424 1512 2487 iu
1534 2444 1693 2508 pro·
1865 2419 1989 2483 111.
2041 2419 2429 2506 Pompejana
2484 2416 2574 2483 ab
2619 2436 2801 2484 anno
2853 2421 2937 2485 V.
2998 2412 3074 2485 C.
3124 2418 3294 2505 690.

152 2516 486 2579 montorio
541 2523 749 2579 autem
810 2512 1091 2581 Seleucia
1144 2514 1343 2582 ubera
1363 2561 1388 2596 ,
1467 2518 1693 2583 Pieria
1768 2515 1882 2579 Ad
1915 2515 2098 2580 hanc
2166 2515 2564 2578 Pellerinius
2610 2516 2825 2601 exigit
2878 2533 3130 2579 annum
3174 2516 3297 2601 qP.

149 2608 497 2695 oppedam.
594 2609 754 2672 Fuit
786 2609 856 2673 in
894 2609 1316 2675 Macedonia
1364 2611 1555 2698 regio
1594 2623 1689 2677 te·
1772 2609 2181 2697 descriptum
2216 2610 2287 2672 in
2310 2624 2522 2673 numo
2539 2611 2825 2673 Antinoi
2857 2628 3048 2678 num.
3076 2609 3297 2676 XVII.

139 2702 237 2770 ste
274 2708 461 2771 item
514 2704 779 2784 Plinio,
832 2723 1011 2791 quae
1044 2724 1094 2798 a
1143 2724 1423 2771 nemore
1470 2707 1693 2775 Pieria
1769 2703 2087 2790 Signatus
2157 2722 2320 2793 ergo
2379 2702 2539 2770 ess'et
2587 2707 2674 2772 V.
2735 2699 2813 2769 C.
2873 2715 3040 2788 879.
3149 2703 3290 2771 Sed

138 2800 694 2889 appellabatur,
747 2819 794 2864 a
850 2820 989 2885 qua
1033 2821 1190 2866 eum
1249 2803 1493 2888 Syriae
1553 2816 1690 2868 tra·
1770 2802 1952 2867 enim
1977 2801 2049 2866 in
2079 2800 2262 2869 vivis
2297 2799 2522 2865 adhuc
2561 2814 2707 2865 tum
2738 2812 2890 2866 erat
2919 2799 3296 2878 Antinous,

130 2908 333 2964 ctum
364 2942 389 2975 ,
447 2896 524 2958 in
582 2913 719 2979 quo
761 2893 895 2962 fuit
941 2893 1296 2980 Seleucia,
1368 2897 1688 2967 Seleucus
1767 2910 1846 2963 ut
1877 2898 2141 2963 dicetur
2182 2899 2253 2961 in
2304 2899 2447 2978 ejus
2501 2895 2767 2975 numis,
2854 2914 3077 2979 neque
3131 2911 3292 2960 con·

128 2992 462 3068 Pieriam
514 2990 916 3082 appellavit.
963 3053 974 3060 .
1013 3061 1020 3066 ,
1270 3051 1282 3062 .
1767 2991 1930 3071 stat,
1980 2992 2126 3078 ejus
2156 2992 2428 3058 nomine
2453 3038 2475 3072 ,
2527 2993 2762 3077 quoad
2807 2991 2986 3058 vixit
3010 3037 3033 3069 ‚
3077 2986 3295 3078 ligna·

737 3137 769 3172 ,
915 3089 950 3124 ¹*
1086 3140 1120 3177 ‚
1764 3101 1875 3154 tos
1911 3087 2105 3152 fuiffe
2161 3107 2429 3154 numos.
2528 3087 2641 3151 Ad
2686 3087 2862 3152 haec
2909 3106 3064 3151 cum
3101 3088 3297 3160 videa

228 3177 561 3272 Epochae
599 3196 905 3267 ,quatuor
936 3182 1117 3252 sorte
1147 3186 1360 3254 variis
1400 3186 1683 3274 epochis
1762 3204 1880 3248 am
1902 3232 1922 3263 ‚
1973 3185 2043 3249 in
2079 3184 2269 3249 nulla
2321 3183 2565 3267 Syriae
2602 3181 2770 3248 urbe
2805 3182 2967 3252 huie
3005 3183 3303 3250 eatami«

129 3277 223 3347 ufi
273 3273 447 3344 sunt
497 3278 922 3345 Seleucenses
983 3283 1384 3349 docentibus
1421 3286 1641 3348 numis
1665 3306 1714 3349 z.
1763 3292 1838 3345 to
1871 3280 2230 3346 dedicatos
2266 3277 2458 3345 suiss‘e
2490 3297 2775 3359 numos,
2820 3290 3027 3365 typus
3060 3275 3290 3344 Palla·

235 3377 296 3441 1.
349 3373 834 3442 Seleucidariam
857 3378 941 3442 V.
978 3376 1055 3445 C.
1093 3389 1266 3458 442·
1361 3376 1472 3445 Est
1505 3380 1702 3466 haec!
1761 3376 1868 3448 dis
1902 3376 2106 3464 plane
2129 3376 2391 3441 alienus
2430 3372 2508 3439 fit
2541 3371 3113 3448 a-Seleucenffum
3136 3393 3283 3439 mo-

126 3471 266 3540 fine
307 3471 544 3538 d‘ubio
594 3471 668 3535 in
705 3472 928 3537 numis
966 3473 1125 3540 loco
1160 3474 1249 3539 11.
1299 3487 1368 3541 et
1404 3475 1524 3541 lv.
1582 3474 1679 3541 al·
1758 3484 1957 3549 neta,
2006 3473 2079 3536 in
2119 3472 2266 3559 ipso
2299 3489 2467 3537 vero
2498 3483 2714 3534 numo
2750 3469 2942 3535 aliud
2990 3469 3126 3556 legi
3147 3489 3289 3535 non

126 3566 324 3633 latis.
1058 3619 1065 3628 .
1309 3633 1314 3636 ,
1758 3569 2008 3655 possit,
2057 3587 2273 3654 quam
2331 3563 2860 3645 ΕΕΛΕΤΚΕ--,
2914 3567 3060 3646 jure
3094 3584 3290 3644 vere·

217 3664 318 3728 11.
374 3661 484 3730 ab
505 3657 804 3733 ,obtenta
833 3668 1194 3734 autonomia
1242 3668 1325 3735 v,
1380 3662 1461 3736 0.
1508 3668 1675 3751 645.
1759 3685 1882 3744 or,
1932 3677 2009 3730 ut
2055 3679 2299 3738 numus
2348 3660 2425 3725 [it
2490 3660 2687 3745 hujus
2737 3660 3110 3734 Seleuciae„
3205 3659 3323 3728 Si.

116 3759 328 3825 Hanc
390 3777 566 3825 cum
622 3757 920 3830 Norifio,
955 3764 1162 3830 video
1212 3764 1284 3833 in
1338 3765 1676 3850 argenteis
1755 3781 1895 3836 non
1925 3759 2108 3830 fallit
2157 3757 2568 3825 Vaillantius
2588 3805 2612 3836 ,
2686 3757 2782 3824 ab
2820 3757 2963 3839 ‚hac
3012 3754 3290 3844 epocha

94 3847 307 3926 mum.
361 3855 540 3922 vn.
601 3857 870 3952 citatis,
939 3858 1313 3947 expressam
1377 3860 1676 3928 numeris
1755 3856 2083 3946 pendebit
2110 3873 2324 3921 annus
2369 3854 2544 3922 ΕΠΘ
2575 3853 2957 3919 Alexandri
2998 3851 3234 3920 Severi
3257 3901 3285 3931 ‚

97 3971 160 4016 a
191 3954 254 4020 Δ
292 3972 540 4040 nsque
569 3955 723 4032 ΑΚ,
753 3955 1363 4042 progredientibus.
1458 3954 1674 4020 Pelle-
1758 3954 1876 4040 qui
1911 3951 2112 4018 alteri
2160 3949 2472 4040 epochae
2530 3948 2709 4014 nulli
2748 3947 3090 4036 applicari
3159 3968 3291 4036 po·

105 4047 564 4116 tiniusistud
611 4050 683 4115 in
720 4050 1003 4118 dubium
1036 4062 1284 4131 vocat,
1372 4051 1673 4136 citatque
1756 4047 1899 4117 test.
3204 4113 3215 4120 .

109 4148 367 4212 varios
401 4165 669 4212 numos
724 4143 1010 4231 Tr'ajani
1054 4158 1279 4213 aetate
1334 4145 1626 4234 signatos
1645 4193 1670 4229 ,
1851 4145 1973 4211 ἶν’.
2023 4143 2297 4214 Actiaca
2374 4138 2467 4207 ab
2544 4157 2729 4206 anno
2792 4139 2877 4204 V.
2951 4138 3032 4207 C.
3110 4156 3279 4226 723.

109 4241 183 4307 in
218 4263 552 4328 quorum
580 4262 749 4308 area
786 4243 1026 4316 variae
1055 4243 1296 4308 literae
1325 4242 1671 4309 solitariae
1755 4240 1970 4325 Hujus
2016 4237 2109 4305 est
2158 4257 2370 4305 annus
2436 4238 2559 4303 ΖΜ
2612 4237 2685 4300 in
2759 4253 2966 4299 numo
3014 4234 3285 4310 Tiberii

108 4353 485 4426 vagantur
512 4385 536 4416 ‚
590 4357 768 4426 quae
803 4339 982 4403 adeo
1019 4337 1111 4403 ab
1159 4358 1340 4414 anno
1382 4350 1670 4404 autono·
1754 4357 1940 4402 num.
1979 4335 2205 4415 XIV„
2259 4335 2346 4400 de
2387 4353 2527 4420 quo
2575 4332 2737 4399 vide
2777 4331 2963 4396 dicta
3009 4331 3083 4396 in
3133 4350 3312 4419 nic.)-⁴

105 4435 297 4501 miae
332 4438 497 4526 peti
562 4453 700 4498 non
731 4431 1018 4520 possunt.
1143 4438 1241 4499 At
1292 4435 1501 4500 credo
1571 4434 1674 4499 di·
1751 4446 1915 4500 neta
1946 4432 2392 4509 Antiochiae,
2441 4428 2628 4504 litem
2664 4445 2891 4492 -annus
2941 4426 3076 4495 AC.
3147 4425 3278 4493 Ca·

105 4528 544 4619 stinguenda
588 4530 714 4596 ess'e
749 4543 1087 4616 tempora,
1140 4543 1209 4596 et
1249 4529 1296 4594 fi
1332 4530 1673 4607 solitariae
1755 4529 2056 4595 racallae
2093 4525 2276 4593 num.
2317 4526 2501 4590 XIX.
2608 4544 2613 4550 ·
2651 4524 2764 4600 Ad
2821 4521 2999 4590 hanc
3070 4524 3317 4600 etiam⁸

107 4627 248 4697 hae
291 4641 557 4710 notae,
609 4647 785 4715 quae
833 4627 990 4694 inde
1022 4648 1067 4693 a
1116 4628 1422 4716 Trajano
1462 4645 1677 4715 usque
1756 4623 1939 4693 forte
1996 4624 2368 4715 exigendus
2394 4703 2400 4710 ,
2431 4634 2840 4691 autonomus
2893 4640 3048 4687 cum
3094 4637 3279 4688 anno
