4125 5500
1607 538 2141 623 CILICIA.

409 750 604 819 Alter
632 739 957 816 Frb'lichii
999 758 1188 812 error
1227 742 1317 812 ad
1352 748 1513 813 anni
1557 747 1826 834 inscrip-

306 847 365 915 ei
417 849 721 935 epitheta
763 846 1074 933 pertinet.
1169 845 1464 932 Legerat
1512 847 1613 910 ie:
1682 845 1826 911 ΕΤ.

306 945 585 1012 ΙΕΡΟΤ.
631 943 884 1011 ΝΕΟΤ.
938 943 1188 1009 ΠΡΩτε
1227 940 1411 1019 ΖΞΟ.
1441 950 1608 1009 anno
1638 941 1826 1029 sacro

302 1060 472 1108 novo
504 1043 706 1128 2670,
759 1058 901 1124 qua
939 1039 999 1104 is
1043 1040 1367 1124 deceptus
1396 1038 1571 1105 falsa
1592 1039 1826 1104 lectio·

304 1154 396 1204 ne
425 1138 625 1203 varia
665 1149 861 1223 putat
897 1136 1083 1223 poss‘e
1122 1134 1437 1215 stabiliri,
1464 1157 1640 1220 quae
1680 1155 1863 1225 eru·-⁸

302 1234 435 1302 diti
459 1235 548 1298 de
560 1235 900 1300 ΕΤΟΤΣ.
926 1232 1193 1301 NEOT.
1215 1234 1501 1300 IEPOT.
1551 1231 1828 1296 Flavio·

300 1347 457 1396 tum
516 1332 740 1396 numia
810 1331 1152 1417 argenteis
1227 1328 1547 1414 inscripto
1621 1328 1829 1391 docu-

302 1438 524 1496 erunt.
619 1430 715 1492 At
758 1428 941 1492 enim
969 1425 1347 1512 exploratis
1383 1424 1711 1491 adcurate
1752 1424 1829 1487 li·

250 1538 259 1547 ·
301 1523 520 1603 teris,
572 1535 645 1588 et
673 1535 998 1589 contento
1024 1540 1233 1586 numo
1266 1520 1487 1586 altero
1522 1518 1828 1585 Etruscil-
1832 1572 1837 1578 .

300 1615 460 1696 lae,
492 1638 699 1703 quem
740 1618 1087 1705 proposui,
1120 1617 1479 1703 legendum
1514 1616 1661 1682 vidi
1681 1615 1824 1680 ΕΤ.

301 1713 585 1779 ΙΕΡΟΤ.
648 1711 1575 1795 OATM.OZC.amoJ21c¹-o
1612 1713 1822 1796 olym-

293 1811 412 1895 pio
453 1811 610 1892 269.
704 1810 1015 1873 Eandem
1062 1828 1231 1873 vero
1282 1810 1490 1873 etiam
1557 1807 1823 1893 epigra-

295 1903 485 1993 phen
530 1902 734 1968 offert
764 1903 1085 1968 laudatus
1122 1923 1365 1970 numus
1402 1902 1822 1989 Theupolia-

295 2021 424 2068 nus
444 2046 466 2077 ,
518 1996 634 2062 effi
674 1999 925 2085 partim
956 1997 1149 2078 false,
1175 2002 1427 2085 partim
1457 2001 1703 2067 timide
1732 1999 1825 2064 ab

297 2095 512 2164 anxio
549 2096 688 2177 ejus
716 2113 1060 2181 praecone
1089 2097 1633 2183 promulgatam;
1661 2116 1821 2160 nam

296 2192 466 2278 legit
487 2192 630 2261 ΕΤ.
653 2191 947 2259 CGPOT.
967 2211 1096 2278 pro
1117 2192 1260 2259 ΕΤ.
1284 2193 1562 2260 ΙΕΡΟΤ.
1616 2191 1825 2276 Quod

295 2289 636 2375 sequitur,
687 2300 1016 2370 tanquam
1083 2290 1451 2353 evanidum
1477 2336 1499 2367 ,
1550 2288 1819 2376 punctis

295 2396 534 2462 notat,
584 2404 677 2448 ex.
712 2401 851 2468 quo
880 2381 1155 2448 conficit
1195 2384 1430 2450 literas
1485 2388 1818 2452 ΟΛΤΠΠ.

294 2498 545 2566 nempe
602 2480 1060 2544 indubitatum
1112 2484 1453 2567 ΟΛΤΜΠ.
1553 2482 1822 2545 Iudicat

295 2595 463 2662 ergo
508 2574 880 2662 epigraphe
922 2594 1176 2641 annum
1205 2596 1330 2662 per
1359 2576 1561 2639 ludos
1582 2575 1819 2658 Olym-

293 2675 453 2760 pios
476 2718 497 2752 ,
538 2672 655 2756 qui
670 2671 1025 2735 Anazarbi
1055 2671 1475 2757 agebantur,
1539 2669 1822 2734 sacrum.

296 2770 453 2836 Iam
498 2787 668 2830 vero
723 2787 878 2832 cum
922 2767 1070 2829 ludi
1117 2767 1429 2851 olympii
1488 2765 1698 2827 etiam
1752 2766 1825 2825 in

296 2864 457 2938 ..liis
498 2860 779 2926 urbibus
826 2861 1142 2944 exemplo
1177 2860 1662 2943 Olympiorum
1690 2858 1825 2919 Eli·

296 2958 405 3022 dis
424 2945 699 3018 ineunte
720 2954 964 3036 quovis
985 2955 1222 3035 quinto
1244 2952 1697 3016 annofuerint
1717 2973 1820 3014 ce-

293 3049 571 3125 lebrati,
596 3065 718 3134 per
753 3058 975 3110 totum
991 3047 1191 3109 Decii
1229 3047 1617 3133 imperium,
1637 3046 1825 3129 quod

294 3165 436 3218 non
455 3145 740 3209 multum
754 3142 934 3206 ultra
946 3140 1292 3205 biennium
1310 3143 1581 3228 porrige
1598 3141 1823 3219 batur,

295 3240 557 3310 nonnifi
589 3259 757 3303 unus
789 3256 1004 3304 annue
1042 3238 1169 3306 effe
1202 3239 1450 3324 potuit,
1467 3238 1539 3300 in
1577 3257 1712 3321 quo
1752 3238 1828 3300 hi

289 3339 439 3408 ludi
468 3347 848 3422 agerentur.
921 3335 1133 3418 Atqui
1148 3354 1388 3400 numus
1409 3333 1829 3420 Theupolia-

295 3455 450 3513 uus,
466 3433 777 3515 alterique
789 3429 1179 3498 Etrnrcfflae
1198 3450 1318 3496 eos
1335 3443 1530 3497 actos
1569 3450 1826 3495 memo·

295 3543 453 3600 rant
470 3545 650 3594 anno
679 3525 1027 3592 Anazarbi
1041 3528 1211 3594 ΘΖΕ
1226 3575 1247 3606 ,
1266 3547 1429 3614 ergo
1448 3539 1517 3591 et
1535 3527 1827 3592 eundem

295 3626 621 3699 exhibere
651 3622 859 3688 debet
886 3635 1132 3690 numus
1160 3623 1658 3690 Friilichianur..
1732 3707 1735 3710 ‚

394 3722 569 3789 Cum
607 3739 696 3788 ex
726 3720 1025 3786 laudatis
1062 3719 1396 3788 hactenus
1446 3720 1670 3785 numia
1724 3719 1820 3784 sa-

278 3821 389 3885 tis
435 3831 693 3883 certum
741 3816 820 3882 fit
841 3864 863 3897 ,
910 3817 1264 3883 Anazarbi
1309 3816 1649 3906 epocham
1695 3816 1818 3880 ini·

294 3915 470 3981 tium
500 3914 744 3980 ducere
780 3914 874 3980 'ab
912 3934 1094 3979 anno
1133 3918 1219 3983 V.
1252 3912 1329 3979 C.
1369 3934 1457 3997 73
1461 3933 1507 3997 5
1530 3961 1551 3993 ,
1582 3926 1814 3978 tamen

292 4010 457 4078 huic
488 4010 853 4075 sententiae
880 4011 1113 4098 palam
1150 4011 1550 4098 obloquitur
1572 4028 1815 4074 numus

294 4103 635 4182 Neronis,
687 4124 886 4188 quem
941 4107 1108 4174 olim
1162 4129 1250 4174 ex
1298 4105 1534 4173 museo
1572 4108 1669 4172 M.
1723 4106 1811 4171 D.

294 4203 527 4282 «didi,
580 4200 811 4286 (Num.
858 4216 997 4267 vet.
1038 4225 1105 4290 p.
1154 4200 1362 4295 226.)

324 4341 335 4348 -
387 4299 705 4367 NCPssN.
758 4297 1811 4388 KA1CA1’.Gaputtam-.aeKA1-

3329 576 3436 648 ³⁸5

1910 788 1917 791 -
2016 741 2171 810 Esto
2208 758 2298 810 ex
2355 752 2667 811 veterum
2701 748 3249 835 antiquariorum
3291 753 3432 819 sen.

1915 843 2133 908 tentia
2165 862 2381 911 annus
2418 843 2504 905 V.
2543 840 2620 906 C.
2662 856 2822 928 734.
2877 866 3077 913 aerae
3115 851 3436 939 principi.

1917 958 2059 1018 um,
2098 939 2424 1004 subducto
2460 939 2725 1004 calculo
2764 959 2979 1005 annus
2997 947 3436 1013 Anazarben-

1915 1035 2084 1101 lium
2120 1048 2233 1110 88.
2274 1035 2555 1122 incipiet
2592 1038 2662 1100 in
2698 1048 3028 1101 autumno
3051 1042 3131 1104 V.
3158 1039 3230 1103 C.
3268 1057 3432 1115 821.

1913 1136 2010 1198 At
2043 1134 2234 1196 Nero
2258 1135 2402 1216 jam
2437 1131 2658 1196 mense
2694 1133 2889 1195 Iunio
2934 1135 3236 1216 ejusdem
3272 1143 3434 1204 anni

1914 1228 2259 1295 violentas
2293 1228 2412 1292 fibi
2448 1244 2689 1292 manus
2724 1229 2969 1293 intulit.
3051 1229 3276 1294 Multo
3313 1234 3435 1297 mi

1915 1342 2096 1404 nun,
2144 1337 2220 1388 ut
2252 1338 2485 1411 patet,
2537 1342 2720 1389 anno
2756 1326 3053 1412 sequenti
3088 1345 3250 1409 735.
3287 1331 3435 1412 eju·

1913 1422 2182 1485 initium
2215 1423 2469 1508 poterit
2502 1424 3044 1490 accommodari.-
3083 1422 3275 1486 Nihil
3310 1424 3434 1490 ali

1916 1517 2012 1581 ud
2048 1528 2234 1596 tum,
2287 1537 2442 1581 curn
2471 1538 2750 1582 numum
2792 1522 3112 1598 ederem,
3162 1522 3431 1605 reperi,

1915 1631 2053 1696 quo
2098 1611 2575 1680 difficultatem
2609 1613 2914 1679 levarem
2936 1662 2957 1697 ‚
2983 1635 3197 1701 quam
3235 1614 3438 1683 statu-

1912 1710 2094 1773 endo
2117 1756 2138 1789 ,
2189 1710 2532 1798 duplicem
2568 1731 2803 1776 aeram
2819 1709 3010 1776 fuiss‘e
3035 1712 3430 1776 Anazarbe-

1910 1805 2018 1869 nis
2076 1804 2428 1888 ufitatam,
2481 1811 2669 1891 cujus
2725 1808 3042 1894 exempla
3092 1806 3432 1894 praebent

1911 1899 2167 1987 Sinope
2187 1950 2206 1981 ,
2235 1901 2605 1969 Antiochia
2639 1902 2765 1969 διο.
2801 1904 3146 1989 aliamque
3184 1901 3427 1968 valuis-

1907 1997 1974 2062 se
1992 1997 2285 2063 Neronis
2310 2013 2562 2078 aetate,
2601 2000 2812 2063 aliam
2834 2002 3174 2087 deinceps.
3222 2000 3430 2083 Quod

1910 2094 1955 2159 fi
2004 2092 2495 2175 admittamus,
2563 2095 2840 2182 viguiss'e
2900 2109 3042 2160 tum
3079 2097 3266 2182 apud
3306 2115 3425 2159 eor

1908 2212 2147 2256 aeram
2181 2191 2542 2256 Actiacam
2580 2194 2856 2257 ductam
2893 2191 2985 2257 ab
3013 2212 3196 2257 anno
3238 2190 3326 2259 V.
3350 2189 3436 2256 C.

1910 2308 2117 2372 723.,
2169 2307 2413 2351 numus
2463 2288 2578 2351 hic
2627 2287 2919 2353 Neronia
2957 2288 3147 2355 curus
3199 2284 3288 2351 est
3336 2287 3429 2353 ab

1904 2398 2236 2475 autumno
2275 2385 2438 2451 anni
2479 2395 2643 2459 διο.
2693 2386 2802 2449 Ita
2856 2385 3173 2468 equidem
3218 2385 3426 2449 ratio·

1906 2480 2193 2545 cinabar
2245 2481 2446 2560 olim,
2530 2479 2645 2544 sed
2697 2482 2887 2545 aliud
2931 2480 3147 2545 visum
3184 2526 3205 2560 ,
3272 2498 3430 2545 cum

1906 2578 2114 2639 serius
2165 2595 2442 2638 numum
2488 2575 2825 2661 Augustae
2860 2575 3144 2641 Ciliciae
3183 2597 3230 2641 a
3281 2576 3429 2641 Pel·

1906 2669 2151 2734 lerinio
2206 2670 2461 2732 editum
2503 2671 2980 2754 expenderem.
3076 2669 3185 2734 Est
3219 2673 3278 2735 is
3297 2673 3430 2736 Ne·

1908 2766 2104 2828 ronis
2167 2783 2482 2846 quoque,
2534 2776 2603 2825 et
2642 2766 2992 2848 inscriptus
3031 2769 3102 2828 in
3146 2769 3426 2830 aversa:

1912 2857 2576 2924 ATPOTCTANQN
2644 2859 2959 2925 CTOTC.
3001 2862 3156 2924 HM.
3257 2859 3436 2926 Cum

1913 2971 2049 3038 quo
2125 2971 2279 3017 cum
2339 2972 2632 3040 *numum
2690 2954 3039 3018 Anazarbi
3063 3001 3082 3032 ,
3159 2950 3246 3018 de
3289 2972 3428 3039 quo

1909 3069 2087 3114 nunc
2163 3048 2375 3112 sermo
2452 3047 2541 3136 est
2564 3096 2585 3129 ,
2660 3050 3139 3114 contenderem
3177 3097 3202 3129 ,
3279 3050 3431 3117 vidi

1908 3159 2267 3234 utrumque
2301 3164 2438 3208 non
2478 3148 2686 3211 modo
2724 3147 2948 3231 capite
2973 3145 3428 3226 Neroni3,1ed

1911 3245 2121 3307 etiam
2156 3239 2430 3320 aversae
2474 3242 2845 3329 epigraphe
2879 3244 3143 3328 egregie
3177 3264 3423 3309 conve·

1910 3338 2079 3403 nire.
2129 3334 2302 3400 Cum
2317 3338 2517 3423 igitur
2537 3339 2922 3426 suspicarer,
2944 3361 3032 3402 an
3061 3360 3196 3404 non
3231 3342 3296 3404 in
3326 3340 3422 3404 al·

1910 3449 2060 3499 tero
2111 3433 2247 3497 hoc
2280 3452 2408 3518 pro
2469 3437 2618 3499 ΗΠ.
2655 3435 2788 3519 legi
2850 3455 3121 3519 quoque
3172 3437 3425 3502 debeat

1900 3532 2106 3610 ·1-1M.,
2186 3530 2384 3615 coepi
2446 3532 2515 3593 in
2567 3543 2863 3615 ectypon
2926 3530 3162 3610 numi,
3235 3533 3426 3614 quod

1905 3627 2043 3714 ipse
2077 3648 2164 3691 ex
2194 3638 2569 3711 prototypo
2594 3626 2912 3691 Mediceo
2944 3626 3387 3712 express'eram
3406 3676 3430 3720 ,

1905 3738 1973 3789 et
2013 3723 2239 3787 adhuc
2274 3721 2629 3808 possideo,
2679 3722 3071 3788 adcuratius
3127 3724 3419 3808 inquire-

1901 3841 2013 3898 re,
2070 3838 2152 3882 ac
2192 3832 2332 3882 tum
2370 3819 2677 3902 adverti,
2725 3817 3139 3905 superiorem
3175 3821 3415 3885 literae

1899 3915 2156 3980 lineam
2184 3935 2431 3979 revera
2452 3915 2876 4001 aliquantum
2891 3916 2896 3922 ’
2914 3916 3266 3997 inclinari,
3307 3916 3414 3981 'fic

1900 4024 2015 4091 ut,
2070 4012 2256 4096 quod
2303 4014 2364 4077 Π
2421 4012 2548 4076 ess'e
2594 4011 2763 4075 mihi
2796 4011 3200 4094 videbatur,
3269 4032 3412 4078 cer-

1898 4106 2377 4174 tiusMhaberi
2417 4106 2647 4194 possit,
2722 4106 2834 4171 Ad
2871 4107 3045 4173 haec
3067 4131 3221 4175 cum
3251 4131 3412 4176 con-

1900 4203 2018 4271 stet
2049 4252 2070 4284 ,
2141 4217 2210 4269 et
2305 4203 2741 4269 Anazarbum
2774 4251 2794 4283 ,
2895 4217 2968 4270 et
3043 4205 3414 4295 Augustam

1888 4319 2231 4389 perquam
2269 4299 2395 4365 ess'e
2425 4301 2730 4381 vicinas,
2768 4320 2926 4369 nam
2967 4298 3052 4368 fic
3106 4305 3404 4377 Plinius·

300 4395 665 4464 GAPenN.
737 4393 1054 4462 CTOTC.
1116 4400 1265 4463 ΗΠ.
1319 4398 1559 4466 Μιιᾶα·
1595 4394 1815 4485 sedens
1895 4396 2315 4467 Anazarbeni
2332 4439 2351 4475 ,
2402 4399 2511 4487 qui
2571 4418 2731 4465 nunc
2791 4397 3128 4491 Caesarea,
3177 4401 3411 4486 Augu·

297 4491 375 4560 d..
416 4493 707 4563 catenulam
735 4493 803 4559 ln
842 4491 1201 4581 afflictam
1219 4513 1338 4559 vae
1366 4498 1587 4564 mittit
1666 4493 1808 4557 ΑΕ.
1879 4500 2018 4589 fla,
2069 4495 2422 4583 Castabola,
2472 4495 2834 4583 probabile
2875 4498 3030 4563 sane
3093 4499 3422 4583 videtur-

296 4587 418 4661 111.

1897 4593 2388 4660 Anazarbenos
2432 4604 2501 4659 et
2530 4590 2949 4690 Augustanos
2972 4593 3264 4663 Neronis
3295 4616 3407 4662 ae·
