4125 5500
862 570 993 655 136

853 763 959 827 his
1012 763 1228 827 numis
1261 762 1509 827 Noemi
1549 762 1810 827 diluvio
1846 760 2276 827 refusbitavit.
2317 768 2373 843 ³)

853 861 1031 945 Ergo
1078 859 1735 926 acrioribus.iterum
1794 857 2020 926 studiis
2076 862 2140 922 in
2179 881 2373 945 prae-

843 955 1126 1019 sentium
1180 968 1496 1020 naturam
1550 976 1915 1020 numerum
1958 957 2053 1019 ab
2095 957 2374 1019 eruditis

844 1053 1081 1137 Anglis
1112 1054 1362 1135 inquiri
1403 1066 1759 1139 coeptum,
1798 1066 1865 1115 et
1886 1052 2209 1137 vulgatae
2242 1052 2374 1115 hac

843 1148 913 1210 in
965 1148 1169 1211 causa
1225 1150 1712 1212 dissertationes
1767 1162 1901 1212 tres
1930 1170 1965 1226 ,²
2004 1168 2181 1232 quae
2237 1148 2372 1212 col-

844 1243 1063 1306 lectae
1142 1242 1400 1308 exstant
1456 1247 1531 1308 in
1588 1265 1831 1331 opere:
1902 1242 2376 1329 Arclzaeologia

2099 556 2742 638 PHRYGIA.

2457 764 2588 827 huc
2625 757 3034 847 pertinentia
3068 758 3210 839 jam
3265 754 3464 839 supra
3499 750 3628 818 suis
3677 755 3866 820 loeis
3901 755 3985 817 in·

2459 861 2732 935 dicavi,
2786 869 3082 920 ceterum
3125 851 3482 918 verisimile
3528 854 3812 916 videtur
3841 853 3982 913 viro

2458 957 2758 1030 erudito,
2811 952 3046 1015 literas
3097 951 3358 1038 priore's
3401 947 3532 1009 ess'e
3571 953 3754 1026 Nn,
3809 950 3978 1032 quis·

2459 1071 2720 1134 cunque
2763 1049 3007 1112 deinde
3052 1063 3285 1110 earum
3321 1042 3396 1106 fit
3441 1043 3832 1129 explicatus
3869 1091 3888 1120 ‚
3939 1065 3975 1108 a

2460 1168 2595 1232 quo
2643 1148 2699 1209 is
2733 1145 2939 1208 tutius
2982 1142 3100 1206 fibi
3131 1138 3610 1207 abstinendum*
3639 1154 3868 1227 putat.

2555 1245 2717 1318 His,
2770 1253 2846 1306 ut
2873 1249 3272 1326 oportuerat
3304 1284 3323 1313 ,
3376 1236 3694 1300 indicatis
3741 1235 3967 1316 restat,

842 1336 1171 1422 published
1208 1340 1286 1424 by
1333 1340 1433 1405 the
1474 1341 1720 1425 Society
1749 1342 1829 1427 of
1852 1342 2268 1430 Antiquaries
2306 1341 2388 1427 of
2455 1351 2529 1402 ut
2562 1359 2786 1403 meam
2813 1386 2832 1416 ,
2888 1337 3382 1421 qualiscunque
3424 1353 3512 1395 ea
3548 1336 3832 1398 eruditis
3881 1338 3967 1398 ri-

842 1434 1145 1511 London,
1205 1451 1272 1499 et
1306 1437 1366 1500 se
1400 1437 1757 1502 volumine
1786 1439 1902 1502 IV.
1958 1441 2115 1502 inde
2161 1460 2205 1502 a
2246 1461 2366 1525 pa·
2443 1437 2722 1500 debitur
2754 1483 2772 1511 ,
2826 1433 3218 1499 sententiam
3285 1430 3622 1515 aperiam.

841 1531 1002 1614 gina
1016 1552 1059 1612 3
1079 1553 1115 1594 ι,
1113 1551 1181 1612 5.
1202 1533 1714 1618 consequuntur.
1766 1535 2033 1599 Primus
2056 1537 2126 1598 in
2146 1536 2366 1599 aciem

839 1628 1216 1712 progressus
1274 1632 1765 1716 Barringtonus
1828 1643 2049 1695 totum
2120 1633 2365 1695 horum

838 1743 1202 1788 nnmerum
1222 1741 1691 1811 argumentum
1716 1728 2078 1792 secundum
2097 1729 2363 1791 Deuca-

838 1817 1040 1882 lionis
1099 1831 1166 1883 et
1223 1823 1530 1906 Pyrrhae
1567 1822 1877 1888 fabulam
1936 1837 2220 1887 conatus
2278 1822 2366 1887 est

839 1914 1223 1999 explicare3
1278 1931 1350 1982 at
1389 1940 1540 1982 cum
1571 1918 1834 1983 obstare
1866 1918 1985 1983 fibi
2018 1921 2367 1984 videretur

836 2010 1258 2076 vocabulum
1299 2015 1520 2092 Noe,
1575 2016 1761 2100 quod
1815 2036 1953 2080 non
2003 2016 2367 2080 dubitabat

835 2106 924 2170 Iic
968 2105 1224 2172 exstare
1262 2112 1334 2173 in
1365 2112 1472 2174 his
1512 2113 1769 2188 numis,
1821 2111 2192 2178 adfirmare
2228 2133 2363 2176 non

837 2202 927 2266 est
966 2206 1265 2285 veritus»,
1318 2207 1605 2294 politum
1635 2210 1813 2273 ΝΩΕ
1847 2229 1974 2294 pro
2007 2214 2203 2288 Nm,
2248 2211 2365 2292 qui

838 2299 927 2362 est
972 2313 1174 2366 notus
1229 2305 1450 2370 dualis
1493 2306 1730 2369 duct'us
1775 2305 1865 2369 ab
1921 2307 2086 2386 ἐγω,
2155 2306 2361 2369 hunc-

838 2414 971 2477 que
1017 2397 1364 2480 explicare
1404 2401 1764 2464 secundum
1804 2402 2068 2462 versum
2093 2402 2361 2464 Ovidii.-

834 2491 986 2557 Nos
1020 2492 1142 2557 duo
1176 2493 1595 2577 (Deucalion
1632 2507 1700 2557 et
1721 2492 2021 2579 Pyrrha)
2049 2495 2359 2583 turbasu·

834 2607 994 2653 mus.
1096 2589 1458 2672 Reliquam
1501 2591 2068 2679 disputationem,
2121 2614 2260 2677 qua
2299 2594 2356 2657 is

831 2685 1289 2773 comprobare
1342 2686 1672 2768 intendit,
1732 2688 1979 2754 Noemi
2022 2690 2355 2755 diluvium

829 2801 972 2847 non
1006 2781 1203 2851 fuisse
1254 2786 1667 2866 universale,
1720 2806 1875 2851 cum
1917 2787 2147 2853 aliena
2177 2786 2264 2853 fit
2291 2807 2354 2852 „a

830 2900 988 2944 meo
1026 2879 1360 2961 instituto,
1407 2883 1747 2957 intactam,
1772 2883 2105 2967 relinquo.
2186 2886 2350 2949 Pro·

826 2977 1023 3041 xima
1049 2976 1420 3040 dissertatio
1440 2979 1829 3041 Reverendi
1848 2980 2080 3042 Milles
2111 2999 2354 3043 numos

828 3072 1010 3155 ipsos
1041 3071 1479 3157 persequitur.
1582 3071 1936 3136 Existimat
1978 3076 2199 3150 enim,
2237 3094 2354 3137 nu·

829 3184 985 3227 mos
1022 3178 1284 3229 tantum
1323 3187 1442 3231 eos
1478 3169 1806 3250 genuinos
1833 3170 2201 3254 putandos,
2238 3167 2355 3251 qui

831 3259 1218 3347 inscriptum
1245 3282 1446 3326 arcae
1486 3263 1751 3329 ΝΕΩΚ.
1784 3261 2113 3342 offerunt,
2166 3267 2355 3348 quod

826 3355 1076 3423 ,deinde
1120 3380 1165 3423 a
1205 3356 1493 3425 falsariis
1544 3361 1616 3425 in
1652 3360 1830 3426 ΝΩΕ
1866 3358 2002 3425 fuit
2036 3363 2349 3427 immuta·

828 3465 993 3518 tum.
1095 3459 1189 3520 At
1220 3455 1353 3521 hoe
1398 3474 1761 3542 perperam
1792 3472 1853 3521 ‘a
1890 3460 2042 3522 viro
2083 3460 2349 3525 erudito

825 3547 1021 3616 flatui
1047 3601 1071 3631 ,
1119 3564 1312 3638 patet
1348 3574 1432 3615 ex
1470 3555 1554 3616 iis
1583 3601 1602 3631 ,
1657 3575 1833 3637 quae
1878 3556 2076 3640 supra
2135 3556 2349 3642 dispu-

824 3651 1148 3714 tavimus.
1250 3652 1341 3712 Vt
1398 3648 1739 3714 Noemum
1810 3650 1899 3713 ab
1958 3650 2063 3714 his
2103 3654 2346 3737 ¹numis

826 3757 1062 3821 arcet,
1116 3743 1200 3807 fic
1256 3763 1473 3826 neque
1517 3746 1958 3811 Deucalionis
2017 3748 2347 3812 diluvium

823 3838 959 3902 hoc
995 3851 1164 3925 typo
1196 3838 1482 3903 indicari
1516 3855 1752 3927 putat,
1785 3843 1893 3905 sed
1920 3854 2074 3907 eum
2102 3848 2347 3910 rectius

827 3936 917 3998 ad
966 3936 1308 4021 privatum
1340 3936 1648 4021 ,aliquem
1689 3940 2163 4027 Apamensium
2216 3943 2346 4006 cul-

824 4043 968 4096 tum
1006 4032 1434 4099 referendum
1460 4085 1480 4115 ,
1537 4036 1646 4101 sed
1684 4057 1884 4121 quem
1926 4039 2343 4123 ignoramus.

824 4129 1064 4197 Tertio
1113 4132 1269 4196 loco
1302 4130 1594 4199 succedit
1631 4135 2013 4220 responsum
2046 4136 2340 4201 Abbati-s

821 4225 1287 4312 Barthelemyi
1328 4226 1419 4290 ab
1454 4232 1735 4296 eruditis
1761 4232 1997 4317 Anglis
2032 4232 2339 4309 consulti,

824 4325 990 4406 quid
1024 4325 1161 4410 ipse
1214 4326 1296 4388 de
1339 4323 1470 4390 hac
1510 4346 1713 4391 arcae
1753 4329 2125 4413 epigraphe
2184 4338 2338 4389 con-

822 4420 1222 4484 stituendum
1256 4432 1546 4507 putaret.
1647 4424 1752 4487 Ex
1779 4424 1884 4486 his
1906 4424 2120 4486 literis
2143 4423 2340 4486 varia

3739 1431 3964 1493 Verisi-

2444 1532 2609 1598 mile
2655 1530 2824 1595 mihi
2872 1530 3074 1617 plane
3115 1528 3427 1602 videtur,
3475 1545 3689 1592 unum
3729 1526 3962 1590 Noemi

2447 1630 2782 1694 diluvium
2816 1627 2952 1691 hoc
2988 1638 3172 1711 typo·
3202 1622 3710 1688 adumbratum.
3825 1625 3958 1687 Iam

2448 1728 2746 1813 primum
2784 1744 2949 1789 arca
2985 1742 3212 1807 aquae
3265 1721 3625 1797 innatans,
3679 1720 3952 1786 conclufi

2445 1823 2578 1886 hac
2609 1823 2719 1885 vir
2767 1821 3181 1902 mulierque,
3252 1815 3576 1880 columba
3623 1816 3818 1881 oleae
3863 1838 3954 1880 ra·

2451 1939 2633 1982 mum
2664 1919 3040 2005 adportans
3062 1962 3082 1993 ,
3127 1926 3194 1978 et
3219 1913 3442 1978 altera
3471 1911 3776 1977 adsidens
3809 1914 3954 1978 avis

2447 2015 2534 2079 sic
2565 2015 2978 2079 conveniunt
3011 2010 3418 2076 Deucalioni
3440 2058 3460 2088 ,
3515 2011 3952 2075 utsecundum

2445 2112 2683 2174 causas
2725 2112 3004 2176 omnino
3042 2127 3279 2174 omnes
3312 2109 3724 2174 conveniant
3748 2129 3953 2191 aeque

2445 2209 2867 2283 narrationi,
2919 2226 3061 2290 qua
3102 2204 3252 2267 Noe
3289 2203 3615 2270 diluvium
3649 2205 3716 2265 in
3755 2203 3953 2267 sacris

2443 2302 2654 2367 literis
2691 2303 3103 2370 describitur.
3199 2299 3471 2362 Deinde
3497 2301 3674 2381 quod
3703 2300 3954 2383 gravis-

2443 2397 2676 2462 fimum
2730 2399 2881 2462 aliis
2942 2419 3070 2485 pro
3117 2395 3542 2459 Deucalione
3581 2406 3648 2457 et
3685 2395 3952 2478 Pyrrha

2443 2507 2911 2579 argumentum
2962 2492 3093 2572 est,
3146 2492 3462 2554 nimirum
3514 2505 3794 2574 uterque
3851 2491 3948 2555 hic

2441 2610 2607 2654 arca
2654 2590 2985 2676 egressus,
3043 2603 3110 2653 et
3161 2586 3326 2652 saxa
3375 2585 3520 2673 post
3559 2600 3820 2673 tergum
3861 2591 3945 2670 ja·

2439 2688 2624 2755 ciens
2648 2735 2668 2764 ,
2720 2688 2894 2754 tanti
2961 2688 3114 2757 sane
3170 2704 3309 2748 non
3383 2684 3556 2751 mihi
3627 2685 3945 2749 videatur.

2436 2784 2674 2867 Neque
2707 2784 2886 2849 enim
2908 2784 3116 2871 plane
3131 2795 3386 2848 certum
3405 2781 3768 2860 indicium,
3798 2779 3946 2846 istud

2434 2880 2589 2945 illos
2629 2901 2872 2945 revera
2906 2900 3109 2967 agere
3133 2927 3154 2958 ‚
3193 2878 3458 2964 possunt
3490 2877 3795 2955 adferre,
3827 2898 3942 2943 non

2437 2977 2880 3061 compressam
2925 2997 3164 3041 manus
3199 2976 3464 3050 volam,
3517 2993 3655 3057 quo
3694 2976 3946 3040 indica·

2435 3084 2618 3136 retur
2646 3087 2955 3161 arreptus
2988 3075 3082 3138 ad
3110 3078 3367 3157 jactum
3391 3071 3562 3157 lapis
3587 3117 3606 3145 ,
3639 3084 3780 3153 quo
3810 3092 3946 3135 mo-

2435 3169 2528 3231 do
2574 3167 2875 3234 Cadmus
2915 3191 3068 3235 cum
3096 3169 3457 3254 conspicuo
3475 3169 3652 3231 intra
3677 3186 3944 3231 manum

2434 3263 2666 3349 lapide
2711 3264 2980 3352 fingitur
3033 3268 3104 3330 in
3171 3266 3393 3330 numis
3450 3264 3854 3347 Tyriorum,
3889 3253 3946 3344 Β)

2434 3379 2572 3429 non
2599 3361 2865 3448 lapides
2902 3363 3076 3431 alios
3117 3380 3348 3429 aerem
3381 3360 3684 3427 secantes
3707 3405 3725 3436 ,
3773 3358 3943 3425 alios

2425 3460 2728 3540 jacentes
2765 3458 2975 3525 humi.
3042 3461 3178 3537 At,
3221 3460 3447 3539 ajunt,
3485 3477 3763 3521 manum
3797 3458 3943 3520 utri-

2431 3574 2644 3639 usque
2669 3556 2981 3623 videmus
3006 3568 3342 3623 arrectam
3363 3577 3402 3635 3,
3417 3574 3507 3617 an
3538 3574 3708 3619 vero
3745 3553 3941 3617 etiam

2433 3671 2517 3714 eo
2553 3649 2733 3738 gestu
2775 3652 3046 3738 nisuque
3072 3700 3092 3731 ,
3145 3654 3266 3736 qui
3315 3650 3582 3733 aliquid
3629 3646 3778 3736 post
3823 3662 3938 3713 ter·

2430 3768 2589 3832 gum
2624 3750 3037 3830 jactantibus
3091 3748 3361 3836 prorsus
3407 3749 3783 3811 convenit?
3847 3748 3937 3811 In·

2429 3863 2714 3909 numera
2748 3844 3080 3911 habemus
3109 3847 3180 3909 in
3206 3856 3512 3909 veterum
3550 3862 3936 3910 monumen·

2426 3943 2512 4007 tis
2556 3940 2875 4027 exempla
2931 3939 3299 4027 figurarum
3357 3939 3636 4004 similem
3702 3938 3935 4027 gestum

2423 4036 2957 4123 praeferentium
2974 4085 2994 4113 ,
3032 4056 3232 4123 quem
3248 4034 3542 4103 artifices
3568 4038 3939 4101 tribuerunt

2424 4146 2546 4199 aut
2575 4132 3175 4207 confabulantibus
3202 4183 3222 4214 ,
3276 4146 3400 4209 aut
3422 4133 3937 4214 admirantibus,

2423 4242 2543 4292 aut
2582 4228 3179 4314 pacificatoribus,
3248 4242 3368 4297 aut
3423 4231 3618 4295 aliud
3675 4230 3935 4316 quidvis

2421 4325 2777 4407 agentibus
2813 4374 2833 4404 ,
2907 4348 3113 4410 quam
3169 4327 3582 4410 jactantibus
3639 4328 3936 4416 lapidem

2421 4422 2848 4487 consuevere.
2952 4424 3160 4506 Quod
3219 4443 3387 4490 vero
3440 4436 3712 4489 tantum
3765 4421 3935 4489 fasti-

890 4628 946 4696 α)
981 4631 1109 4686 Vol.
1148 4631 1227 4693 11,
1261 4648 1323 4704 Ρ.
1359 4649 1478 4703 229.

1664 4630 1724 4701 b)
1761 4632 1933 4688 Vaill.
1964 4635 2024 4687 in
2061 4631 2260 4691 Colon.
2298 4629 2396 4708 fab
2433 4632 2714 4711 Θοτάὶῆζιο
2743 4586 2810 4691 ‘ot
2847 4635 3130 4700 Gallieno,
3267 4688 3272 4697 ,
3379 4666 3416 4697 μ
