4125 5500
806 591 974 665 ⁸420.

813 791 921 840 tur
957 778 1102 840 veri
1151 774 1367 861 specie
1403 776 1705 840 Bruttios
1761 795 1913 839 cum
1968 773 2335 839 Pellerinio

810 869 1230 935 Phoenicum
1271 872 1555 936 colonos
1599 869 1959 934 statuemus
1989 916 2010 945 ,
2063 883 2185 933 aut
2215 889 2337 933 eo-

810 985 961 1028 rum
1001 987 1249 1030 nomen
1302 986 1456 1030 cum
1501 966 1910 1031 Mazzochio
1950 985 2037 1026 ex
2101 965 2334 1049 lingua

804 1060 1183 1126 Phoenicia
1218 1060 1678 1126 derivabimus
1700 1063 1731 1122 ⁶?
1781 1058 2098 1124 Abstineo
2138 1079 2332 1144 argu-

808 1156 1054 1224 mentis
1087 1156 1283 1233 aliis,
1354 1156 1680 1238 quoniam
1731 1154 1964 1222 inutile
2020 1155 2331 1233 videtur,

808 1247 1204 1314 sententiam
1246 1249 1434 1314 nulla
1463 1248 1710 1313 fultam
1749 1261 2056 1314 veterum
2096 1260 2330 1312 aucto·

812 1343 1015 1409 ritate
1048 1344 1316 1430 longius
1356 1342 1677 1409 refutare.
1777 1343 1912 1408 Sed
1952 1364 2170 1428 neque
2190 1339 2329 1406 'mi-

810 1439 886 1504 hi
939 1460 1106 1504 cum
1127 1440 1489 1503 Pellerinio
1525 1440 1845 1503 convenit
1877 1435 2216 1502 fabricam
2260 1439 2331 1501 in

812 1533 1133 1599 fimilibus
1216 1536 1437 1602 numia
1489 1536 1827 1600 Bruttiam
1909 1532 2327 1617 agnoscente.

813 1628 1117 1696 Sane.de
1165 1630 1383 1708 binis,
1436 1650 1608 1713 quos
1659 1631 1803 1694 vidi
1859 1627 2037 1714 ipse,
2104 1624 2332 1690 testari

808 1723 1107 1811 poil‘um,
1155 1746 1266 1794 me
1307 1725 1610 1810 spectata
1645 1722 1915 1787 fabrica
1946 1722 2117 1787 nihil
2146 1723 2216 1785 in
2246 1722 2326 1784 iis

807 1819 1055 1906 Bruttii
1082 1821 1333 1905 ingenii
1373 1821 1648 1895 videre,
1700 1820 1862 1903 quin
1901 1817 2171 1901 quidvis
2210 1836 2329 1900 po·

810 1917 944 1988 tius
982 1927 1402 1978 extraneum.
1504 1912 1688 1995 Quid
1732 1913 1919 1997 quod
1966 1910 2326 1976 incredibi-

809 2010 876 2074 le
909 2030 1179 2095 quoque
1232 2009 1586 2085 videatur,
1639 2009 1854 2092 gentis
1875 2054 1896 2085 ,
1950 2026 2128 2092 quae
2193 2004 2327 2069 sese

807 2103 1256 2174 Phoeniciam
1282 2121 1532 2166 canore
1566 2103 1743 2166 adeo
1767 2122 1890 2188 per
1911 2101 2327 2188 epigraphen

809 2198 1280 2284 profiteretur,
1358 2199 1686 2283 originem
1749 2200 1850 2260 ita
1905 2199 2171 2284 penitus
2238 2194 2327 2268 ab

812 2291 1146 2358 historicis
1175 2293 1484 2370 reticeri,
1535 2285 1610 2357 ut
1653 2295 1794 2372 ejus
1841 2311 1926 2356 ne
1975 2291 2325 2356 minimum

815 2387 1090 2470 quidem
1132 2389 1350 2451 autin
1383 2387 1530 2464 his,
1584 2399 1705 2450 aut
1737 2386 1878 2451 ullo
1917 2387 2055 2450 alio
2096 2405 2328 2450 monu-

815 2494 1045 2558 mento
1095 2479 1443 2566 vestigium
1485 2494 1837 2564 appareat.
1937 2482 2333 2543 Extremum

817 2577 1008 2660 quod
1042 2594 1360 2642 moneam
1383 2624 1403 2653 ,
1459 2573 1588 2655 est,
1652 2577 1720 2640 in
1779 2577 1932 2641 aliis
1991 2576 2066 2638 id
2124 2593 2332 2660 genus

815 2671 1075 2749 numis,
1127 2682 1203 2733 ut
1238 2672 1573 2752 vidimus,
1625 2670 1836 2735 aliam
1871 2673 1999 2736 ess'e
2072 2671 2333 2757 epigra-

814 2766 996 2853 phen
1020 2813 1041 2845 ,
1094 2787 1180 2831 ex
1220 2769 1361 2852 qu'a
1399 2768 1553 2832 sane
1583 2787 1726 2833 vox
1765 2765 1957 2834 Birth
2004 2767 2157 2829 elici
2201 2785 2339 2837 non

813 2861 1049 2949 potest.
1148 2862 1255 2924 Ex
1296 2881 1431 2944 quo
1472 2875 1782 2948 apparet,
1836 2863 2166 2946 quoniam
2200 2860 2337 2946 epi-

815 2957 1074 3042 graphe
1106 2957 1178 3018 in
1216 2957 1299 3017 iis
1324 2957 1572 3031 variat,
1616 2957 1803 3020 aliud
1833 2957 1956 3019 illa
1983 2956 2337 3032 contineri,

837 3066 1045 3135 quam
1080 3068 1331 3120 nornen
1368 3050 1554 3113 urbis
1580 3096 1598 3125 ,
1635 3053 1764 3134 ‚vel
1791 3051 2050 3138 populi.

1457 3202 1464 3207 ’
1527 3194 1656 3301 ιν.’

733 3400 760 3491 ζ
924 3424 1198 3515 ΜΙΜῙ
1240 3426 1636 3509 NVMIDO
1656 3392 1702 3482 ζ
1729 3429 2245 3499 ΡΗοΕΝΙσιι..

922 3616 1342 3702 Scripturam
1370 3606 1795 3705 peregrinam
1827 3623 1898 3687 in
1963 3623 2163 3688 certis
2200 3622 2340 3685 Nu-

827 3709 1083 3775 midiae
1135 3715 1399 3789 numis‚
1472 3716 1707 3798 quales
1775 3716 1919 3781 tunt
1991 3719 2377 3800 utriusque,

824 3803 1038 3891 lubae
1079 3806 1255 3893 regis
1281 3854 1300 3887 ,
1379 3822 1840 3893 occurrentem
1882 3816 2014 3879 viri
2094 3812 2391 3875 eruditi.

821 3919 908 3981 ex
960 3911 1209 3987 natura
1284 3902 1553 3989 linguae
1613 3904 2020 3972 Phoeniciae
2100 3912 2376 3977 amant.

819 3995 1194 4080 explicare.
1291 4000 1450 4081 Non
1485 3998 1672 4064 lubet
1715 4001 2050 4087 inquirere
2105 4004 2177 4067 in
2220 4003 2375 4069 hu-,

815 4093 924 4173 jus
969 4090 1291 4179 fiduciam
1340 4091 1635 4159 instituti.
1713 4150 1720 4161 .
1784 4096 1960 4162 Istud
2001 4110 2285 4162 eertum
2317 4145 2338 4176 ,

819 4184 1225 4277 Numidicae
1265 4189 1421 4252 huie
1456 4189 1823 4274 scripturae
1863 4214 2106 4278 parum
2181 4214 2335 4261 cum

818 4279 1032 4341 literis
1057 4302 1221 4364 pure
1243 4282 1627 4347 Phoeniciis
1666 4290 2051 4357 convenire.
2106 4290 2336 4370 Quan-

821 4390 1029 4453 quam
1071 4375 1366 4440 dubitari
1408 4382 1528 4443 vix
1560 4380 1810 4464 possit,
1867 4403 1909 4444 a
1951 4385 2195 4451 Poenis
2238 4386 2335 4451 vi·

1963 572 2751 694 ιιξΗοΕικτΙῦΕ.

2424 773 2592 837 cinis
2632 772 2981 837 literarum
3026 772 3210 836 usum
3245 771 3335 835 ad
3371 767 3550 852 ipsos
3585 769 3797 832 etiam
3813 771 3943 833 Nu-

2422 870 2647 932 midas
2684 866 2940 932 fluxiss'e
2968 915 2989 945 ‚
3041 868 3149 931 sed
3197 872 3316 930 eas
3356 864 3773 948 longo'inter
3789 862 3939 928 bai-

2419 962 2626 1027 baros
2674 963 2789 1026 usu
2859 962 2943 1026 fic
2995 964 3455 1047 depravatas,
3526 970 3605 1021 ut
3659 961 3940 1043 denique

2419 1059 2539 1122 vix
2588 1058 2851 1142 aliquid
2908 1058 3005 1122 sui
3056 1058 3439 1121 retinerent.
3592 1053 3784 1139 Ipsos
3822 1055 3939 1118 hos

2418 1152 2798 1230 Numidas,
2871 1166 2939 1216 et
2993 1152 3367 1239 generatim
3420 1167 3659 1213 omnes
3704 1141 3941 1214 Poenis

2418 1248 2683 1312 vicinos
2726 1249 2852 1311 ess'e
2895 1261 3064 1333 puto
3102 1246 3283 1323 illos,
3334 1263 3508 1327 quos
3551 1243 3793 1307 Livius
3836 1265 3943 1330 ap-

2416 1342 2631 1428 pellat
2700 1340 3179 1427 Libyphoenices
3197 1390 3217 1419 ,
3299 1344 3569 1405 mixtum
3644 1341 3947 1420 Punicam

2417 1437 2615 1523 Afris
2655 1459 2895 1524 genus,
2949 1439 3015 1522 ἰ)
3068 1454 3205 1521 quo
3241 1437 3454 1498 modo
3507 1448 3578 1499 et
3616 1435 3943 1518 Polybius

2414 1533 2592 1595 inter
2621 1534 2829 1598 Afros
2900 1554 3150 1622 puros,
3220 1528 3519 1614 (Ancum)
3604 1541 3674 1593 et
3745 1529 3935 1595 Afro·

2416 1626 2785 1712 phoenices
2858 1631 3394 1715 (Λιευφοινικας)
3464 1623 3827 1710 distinguit.
3874 1616 3934 1708 Ι5)

2416 1721 2757 1787 Nimirum
2806 1726 2994 1809 quod
3028 1773 3048 1802 ,
3117 1715 3231 1787 ut*
3260 1723 3361 1786 ait
3432 1721 3833 1800 Diodorus,
3880 1721 3934 1805 e)

2417 1817 2630 1881 Poeni
2676 1839 2829 1883 cum
2889 1818 3078 1886 Afris
3137 1838 3262 1905 per
3314 1817 3774 1881 matrimonia
3832 1839 3938 1881 ne·

2418 1911 2886 1979 celsitudinem
2943 1923 3447 1980 contraxerant.
3594 1913 3792 1976 Vnde
3837 1912 3935 1977 fa·

2418 2019 2601 2071 ctum
2637 2021 2847 2093 puto,
2899 2022 2975 2073 ut
3005 2008 3284 2074 Boccho
3324 2009 3804 2071 Mauretaniae
3834 2029 3931 2073 re-

2417 2104 2487 2187 gi
2531 2101 2738 2168 fidem
2775 2104 3107 2172 Punicam
3149 2101 3602 2189 exprobraret
3654 2101 3938 2167 Sallusti·

2420 2215 2519 2261 us.
2571 2188 2636 2282 ἆ)
2735 2199 2844 2263 Ex
2889 2199 2994 2265 his
3044 2210 3373 2286 apparet,
3429 2209 3682 2280 quanto
3716 2201 3939 2283 magis

2420 2292 2880 2379 periculosus,
2946 2307 3150 2376 atque
3236 2295 3493 2356 intutus
3544 2292 3617 2354 fit
3688 2292 3943 2371 labor,

2422 2406 2627 2469 quem
2720 2390 3145 2474 explicandis
3212 2387 3434 2452 numis
3514 2387 3639 2450 has
3705 2388 3943 2453 literas

2422 2480 2965 2566 praeferentibus
3001 2482 3486 2567 impendimus.
3586 2481 3803 2545 Fuere
3842 2497 3936 2548 ta·

2427 2596 2612 2655 men,
2674 2597 2846 2662 quos
2876 2598 3121 2663 parum
3155 2575 3511 2640 absterruit
3542 2576 3719 2660 ignis
3755 2578 3937 2644 dolo·

2380 2672 2487 2734 ‘ro
2523 2672 2729 2736 cineri
2783 2673 3172 2761 suppositus.
3268 2669 3709 2740 Evaserinme
3764 2674 3939 2738 inco·

2419 2765 2637 2832 lumes
2678 2770 2864 2834 nullo
2907 2770 3126 2835 notati
3174 2764 3499 2852 stigmate,
3552 2767 3934 2845 arbitretur.

2421 2862 2542 2944 qui
2602 2883 2839 2928 eorum
2904 2862 3431 2935 commentarios
3500 2864 3933 2946 pervolverit.

2415 2956 2521 3020 En
2560 2959 2689 3022 tibi
2722 2968 2951 3044 pauca
2992 2980 3080 3023 ex
3114 2958 3220 3023 his
3269 2957 3629 3041 exempla3
3695 2980 3849 3025 nam
3888 2960 3929 3022 fi

2419 3052 2791 3135 quoalio,
2870 3053 3004 3131 hoc
3077 3054 3236 3118 sano
3297 3053 3458 3117 loco
3514 3055 3753 3120 taedet
3812 3056 3931 3122 effe

2418 3149 2788 3231 prolixum.

2518 3338 2730 3423 Leptis
2759 3288 3036 3424 maging,
3087 3339 3209 3407 fita
3245 3342 3317 3415 in
3338 3286 3801 3426 'Tripolitana
3842 3345 3930 3407 in·

2417 3447 2522 3499 ter
2567 3435 2736 3498 duas
2762 3434 2997 3517 [yrtes.
3098 3438 3369 3502 Revera
3402 3455 3555 3501 eam
3594 3437 3930 3511 Sallustius

2419 3549 2465 3593 a
2504 3529 2799 3593 Sidoniis
2834 3531 3181 3603 conditam
3222 3533 3438 3610 dixit,
3510 3543 3583 3595 et
3634 3536 3776 3614 ejus
3843 3534 3943 3596 le:

2415 3645 2573 3709 gum
2609 3623 2962 3708 cultusque
3018 3626 3344 3713 pleraque
3410 3627 3539 3689 effe
3592 3626 3875 3703 Sidonia
3908 3676 3926 3702 ,

2416 3731 2489 3782 at
2518 3718 2816 3804 linguam
2874 3721 3085 3785 modo
3147 3720 3547 3791 conversam
3600 3724 3929 3788 connubio

2415 3814 2891 3889 Numidarum.
3450 3894 3473 3905 Ι

2512 3908 2911 3975 Pellerinius
2944 3942 2953 3947 ·
2986 3932 3230 3981 numos
3308 3914 3609 3998 quinque
3688 3914 3922 3999 partim

2415 4015 2824 4069 autonomos
2848 4054 2869 4086 ,
2920 4010 3173 4099 partim
3194 4010 3563 4073 Octaviani
3588 4058 3610 4090 ,
3660 4011 3920 4083 Octavi·

2415 4119 2526 4177 ae,
2574 4112 2641 4162 et
2689 4101 2793 4169 M.
2814 4104 3094 4171 Antonii
3116 4107 3341 4189 capite
3368 4105 3654 4192 insignes
3688 4107 3921 4177 edidit.

2415 4206 2485 4257 et
2527 4195 2596 4258 in
2619 4196 2847 4269 literis
2905 4212 3198 4282 quatuor
3256 4203 3653 4286 peregrinis·
3692 4220 3920 4267 nomen

2411 4289 2711 4361 Lebeditz
2771 4295 3443 4379 contineri‚eonjecit
3468 4343 3493 4374 ‚
3551 4318 3803 4380 eosque
3830 4316 3921 4361 ,a-

2414 4385 2545 4450 deo
2588 4387 2993 4476 huic‚Lepti
3031 4391 3451 4457 tribuendos.
3508 4391 3574 4477 ε)
3676 4395 3916 4457 Firma·

819 4510 3910 4546 ..φῇ-*ΝΜ

907 4580 967 4647 a)
1005 4579 1074 4640 1..
1099 4582 1263 4636 XXI.
1296 4601 1378 4638 22.
1449 4586 1505 4652 b)
1545 4586 1676 4649 um.
1705 4588 1809 4640 111.
1840 4605 1927 4656 33.
1999 4592 2047 4658 e)
2083 4591 2145 4644 1..
2181 4584 2419 4665 XX.55',
2489 4594 2550 4659 d)
2591 4590 2726 4648 seu.
2748 4596 2944 4668 1ug.p.
2965 4617 3037 4657 m.
3064 4617 3178 4667 1⁵3.
3269 4552 3329 4665 e).
3362 4599 3497 4653 Ree.
3529 4600 3721 4671 unp.
3750 4602 3856 4660 146.
3976 4646 3985 4649 -
