4125 5500
1193 544 1625 627 REGES
1722 544 2469 626 ARMENIAE.

262 756 433 816 inter
465 749 855 838 Euphraten
886 761 955 814 et
971 749 1233 841 Tigrim
1271 747 1391 815 sita
1419 738 1764 839 oppugna·-

260 868 333 911 re
373 859 689 932 pararet,
742 848 1032 911 Xerxem
1079 851 1220 931 ejus
1251 841 1470 911 'urbis
1539 864 1766 933 regem

257 943 517 1008 viribus
564 942 697 1006 suis
732 940 1021 1008 diffisum
1054 941 1224 1030 fuga
1281 940 1401 1007 libi
1470 946 1764 1032 primum

257 1036 683 1117 consuluisse,
735 1037 1010 1103 subinde
1051 1040 1265 1104 mirsia
1326 1039 1569 1126 legatis
1623 1043 1763 1123 ejus

258 1134 513 1222 petiisse
546 1132 986 1220 colloquium.
1088 1136 1271 1200 Tum
1306 1148 1487 1199 vero
1525 1139 1763 1201 Antio·

260 1231 389 1295 cho
428 1231 687 1319 amicos
728 1229 1130 1325 persuadere
1164 1231 1481 1310 voluisse,
1529 1253 1614 1297 ne
1661 1236 1761 1314 ju·

258 1344 492 1391 venem
526 1342 752 1413 regem
805 1329 1099 1415 amplius
1141 1326 1546 1408 dimitteret,
1649 1327 1765 1391 sed

257 1421 491 1485 urbem
530 1441 940 1509 regnumque
981 1423 1181 1488 daret
1231 1420 1620 1489 Mithridati
1663 1423 1762 1488 so·

253 1516 430 1580 roris
471 1517 625 1580 snae
655 1518 984 1582 naturalis
1029 1517 1215 1597 filio,
1266 1510 1337 1596 ὃς·
1356 1511 1442 1599 ἣν
1486 1513 1617 1599 ὖιος
1653 1538 1764 1600 της

256 1606 536 1693 ἄδελφης
567 1605 718 1678 &vra
736 1631 899 1677 κατα
936 1613 1139 1693 φισιν.
1232 1612 1369 1676 Sed
1401 1616 1577 1677 enim
1614 1628 1760 1678 tan-

254 1719 398 1770 tum
466 1705 787 1785 abfuisse,
858 1721 934 1771 ut
987 1712 1362 1773 amicorum
1418 1708 1760 1773 confilium

253 1823 377 1866 rex
405 1802 827 1885 sequeretur,
877 1818 952 1868 ut
989 1807 1056 1868 in
1088 1820 1293 1890 regno
1331 1803 1761 1869 confirmaret

254 1900 463 1961 etiam
520 1896 845 1983 copulata
903 1896 969 1963 εἰ
1031 1898 1257 1964 sorore
1318 1896 1754 1964 Antiochide.

255 1992 449 2056 Haec
470 1992 822 2076 Polybius.
847 1993 1195 2058 Existimat
1210 1990 1756 2079 BarthelemyuS,

256 2099 705 2151 memoratum
742 2087 1043 2176 scriptori
1066 2088 1333 2154 Graeco
1349 2090 1757 2155 Antiochum

254 2180 444 2246 fuisse
460 2182 866 2247 Antiochum
886 2185 989 2247 111
994 2231 1035 2263 .,
1062 2196 1264 2271 atque
1282 2185 1437 2249 inde
1455 2187 1753 2270 conjicit,

249 2281 395 2360 jam·
414 2291 569 2342 ante
580 2280 1029 2345 Artaxias-net
1046 2280 1757 2347 ZadriademArmeni-

259 2391 341 2435 ae
355 2371 761 2458 praefectos,
813 2395 986 2459 quos
1023 2375 1111 2439 ab
1130 2373 1261 2438 hoc
1285 2377 1623 2441 Antiocho
1647 2377 1759 2440 de-

253 2466 478 2531 feciss’e
504 2467 713 2531 refert
764 2469 1078 2548 historia,
1127 2468 1318 2533 fuiss'e
1350 2484 1545 2556 reges
1571 2519 1611 2548 ,.
1643 2470 1761 2555 qui

250 2560 319 2626 se
395 2563 719 2647 Syrorum
782 2566 1076 2650 imperio
1139 2564 1550 2629 subtraxere.
1668 2566 1763 2626 At

252 2657 638 2722 Friilichius
690 2659 764 2722 in
810 2660 1221 2724 Antiochum
1268 2656 1390 2725 1v.
1442 2658 1762 2737 inclinat,

252 2766 326 2819 et
352 2752 580 2816 multis
613 2753 860 2817 adlatis
875 2756 1284 2841 argumentis
1308 2758 1765 2837 conjecturam

250 2847 472 2913 fulcit.
542 2842 605 2929 ⁸)
714 2848 1125 2913 Observavit
1182 2862 1539 2934 praeterea
1600 2849 1765 2912 Bar·

249 2943 677 3025 thelemyus,
747 2944 925 3008 hunc
977 2944 1221 3008 Xerxis
1297 2965 1574 3008 numum
1619 2957 1764 3008 tam

251 3037 559 3114 fabrica,
617 3057 820 3120 quam
859 3052 1069 3150 typo?
1122 3049 1192 3101 et
1238 3039 1643 3125 epigraphes
1690 3039 1762 3103 fi·

253 3147 329 3197 ιιι
384 3083 789 3196 simillimum
827 3133 953 3198 effe
998 3136 1127 3213 iis,
1180 3151 1352 3220 quos
1394 3135 1591 3199 nobis
1626 3138 1762 3238 pri·

254 3227 354 3295 u‘n
392 3228 663 3313 Syriae
673 3247 869 3316 reges
906 3229 1176 3295 dedere.

494 3411 889 3520 sames
936 3420 1042 3489 m
1106 3417 1517 3491 ,Μηνᾶς

360 3608 562 3694 Caput
584 3615 760 3696 regis
783 3610 1053 3679 imber-be
1082 3615 1257 3679 tiara
1287 3616 1496 3680 conica
1540 3622 1601 3679 et
1629 3612 1762 3681 dta-

252 3703 507 3770 demata
570 3716 811 3772 tectum.
909 3713 968 3783 x
1066 3707 1540 3775 ΒΑΣΙΛΕΩΣ.
1600 3711 1761 3775 EA-

254 3798 475 3866 Mor.
527 3801 1103 3870 ΘΕΟΣΕΒΟΤΣ.·
1150 3805 1330 3870 ΚΑΙ.
1373 3805 1763 3872 ΔΙΚΛΙΟΤ.

260 3895 543 3980 Thyrstcs
599 3918 732 3964 cum
774 3902 1018 3969 taeniis.
1116 3901 1259 3966 ΑΕ.
1342 3901 1467 3965 111.
1539 3901 1760 3987 (Mus.

254 3989 500 4074 Caes.)

360 4088 567 4173 Caput
597 4088 863 4156 imberbe
908 4090 1247 4157 radiatum.
1299 4099 1357 4168 x
1404 4091 1763 4158 ΒΑΣΙΛΕ-

249 4185 404 4249 ΩΣ.
475 4185 816 4253 ΣΑΜΟΤ.
888 4185 1487 4278 ,3130213130'12
1585 4191 1762 4254 ΚΑΙ.

327 4517 850 4582 aonnbdemin
857 4473 1241 4595 ni.sp93.⁸‘
1369 4521 1589 4595 blpag.

254 4587 499 4645 accessio
540 4607 651 4644 nov
658 4607 779 4661 ap
814 4592 901 4659 ⁶3·

1095 4539 1979 4667 ‹1›'.1³1..·r.x'xv‘1'p..355

3125 564 3364 648 ,205

1851 750 2238 818 ΔΙΚΑΙΟΤ.
2299 750 2594 816 Victoria
2615 747 2954 835 gradiente,
3001 748 3178 838 iisse-a
3214 754 3375 821 ΓΛ..

1847 846 1988 912 ΛΕ.
2042 846 2162 911 111.
2217 846 2626 935 (Pellerin.)

1945 942 2246 1006 Numum
2286 943 2589 1028 priorem
2623 942 2839 1006 edidit
2863 940 3242 1006 Friilichius
3286 947 3355 1011 in

1846 1036 1978 1103 suis
2033 1038 2296 1124 Regum
2331 1049 2470 1103 vet.
2500 1038 2722 1102 numis
2762 1034 2938 1102 anno
2979 1054 3181 1121 1752.
3211 1041 3352 1103 vul·

1846 1135 2052 1221 gatis,
2119 1124 2187 1217 ι’)
2227 1130 2350 1199 'sed
2397 1135 2466 1196 in
2494 1152 2577 1195 eo
2616 1132 2833 1197 invita
2885 1132 3201 1198 Minerva
3261 1132 3358 1197 le*

1846 1250 2001 1315 gere
2040 1228 2159 1294 fibi
2187 1230 2365 1295 visus
2411 1226 2968 1294 est·AP2AMor
2999 1244 3125 1313 pro
3171 1242 3355 1293 certo

1845 1336 1915 1388 et
1936 1326 2320 1390 indubitato
2341 1322 2682 1391 ΣΑΜΟΤ.
2782 1321 3012 1406 Quare
3036 1323 3359 1388 Ar'samen

1849 1420 2148 1506 aliquem
2178 1424 2246 1485 in
2286 1417 2496 1484 Persis
2525 1418 2640 1484 vel
2665 1421 3005 1483 Armeniis
3040 1416 3359 1483 illustrem

1846 1516 2361 1603 circumspexit,
2414 1514 2635 1601 qualis
2685 1526 2833 1580 erat
2868 1517 2970 1593 is,
3020 1532 3222 1600 quem
3257 1515 3357 1579 su-

1844 1628 1975 1698 pra
2010 1612 2307 1698 primum
2361 1616 2431 1676 in
2461 1613 2823 1676 Armeniae
2868 1611 3137 1699 regibus
3197 1630 3365 1698 pro--

1843 1708 2211 1792 posuimus.
2314 1708 2619 1773 Monitus
2692 1727 2737 1771 a
2792 1704 2895 1772 cl.
2965 1704 3191 1786 Boze,
3241 1707 3361 1794 qui

1845 1802 2125 1867 alterius
2186 1803 2374 1867 numi
2440 1805 2846 1871 iconismum
2903 1798 3209 1889 miserat,
3289 1803 3360 1867 in

1843 1893 2133 1964 lectione
2178 1896 2497 1967 ΣΑΜΟΤ
2520 1896 2758 1985 lubens
2791 1898 3178 1984 acquievit,
3228 1894 3358 1962 fas·-

1843 1989 1948 2057 fus
1972 2043 1992 2075 ,
2076 1992 2397 2059 incassum
2471 1991 2774 2059 cecidisse
2842 1993 3111 2071 omnia,
3183 2012 3360 2079 quae

1862 2088 2140 2177 'copiose
2176 2090 2340 2157 olim
2375 2093 2445 2155 in
2477 2090 2655 2154 hunc
2698 2108 2976 2155 numum
3025 2107 3368 2154 commen.

1844 2198 2025 2250 tatus
2069 2185 2179 2251 est.
2230 2184 2292 2269 θ)
2389 2185 2653 2250 Eodem
2714 2204 2894 2251 anno
2949 2202 3154 2270 1752.
3207 2182 3363 2247 Bel·-

1845 2282 2041 2367 leyus
2113 2280 2436 2360 alterum,
2508 2302 2709 2366 quem
2759 2278 3104 2367 descripsi,
3171 2278 3362 2343 Sami

1844 2397 2123 2441 numum
2163 2381 2232 2442 in
2267 2378 2489 2441 lucem
2521 2379 2747 2453 dedit,
2803 2392 3091 2461 cumque
3127 2376 3212 2439 de
3241 2374 3360 2437 Sa·

1847 2492 1956 2535 me
1993 2474 2110 2536 vel
2153 2473 2362 2541 Samo
2394 2493 2550 2559 rege
2599 2474 2786 2536 nulla
2835 2472 3022 2560 apud
3078 2470 3354 2558 scripto-

1847 2586 1956 2628 res
2001 2568 2377 2653 reperiatur
2431 2568 2728 2643 mentio,
2777 2567 3032 2631 necess'e
3060 2565 3235 2642 fuit,
3289 2586 3360 2627 u-

1849 2664 1954 2724 nis
2013 2661 2412 2742 conjecturis
2463 2678 2609 2722 rem
2679 2679 2899 2746 agere.
2952 2650 3009 2737 ³)
3109 2659 3365 2723 Earum

1852 2755 2112 2820 summa
2153 2755 2322 2819 haec
2379 2756 2502 2821 est:
2569 2774 2811 2819 numus
2867 2756 2980 2819 hic
3049 2753 3359 2818 fabricae

1854 2849 1942 2916 est
1976 2852 2179 2938 plane
2238 2851 2561 2936 Syriacae
2586 2898 2606 2929 ‚
2688 2862 2757 2914 et
2832 2851 3107 2936 quidem
3172 2853 3361 2929 cujus

1852 2948 2000 3011 sunt
2060 2950 2248 3012 numi
2299 2960 2521 3011 aetate
2570 2947 2943 3011 Alexandri
3021 2943 3076 3008 1.
3145 2944 3360 3009 Balae

1853 3042 2167 3129 percussi.
2302 3042 2672 3107 Verisimile
2743 3062 2903 3130 ergo
2941 3089 2961 3118 ‚
3042 3041 3289 3104 Samen
3336 3085 3361 3119 1,

1852 3137 1967 3202 vel
1997 3136 2276 3202 Samum
2313 3139 2606 3224 aliquem
2624 3139 2997 3223 imperante
3019 3136 3359 3201 Antiocho

1851 3233 1954 3299 Μ.
1986 3232 2323 3313 defeciffe,
2376 3246 2444 3298 et
2486 3236 2556 3297 in
2585 3231 3041 3318 Commagene
3081 3251 3360 3318 regnum
3479 3253 3496 3270 Χ

1849 3326 1971 3393 fibi
1998 3327 2300 3393 fundasse
2340 3327 2705 3394 aedificata
2721 3334 2919 3412 juxta
2941 3326 3360 3415 Euphratem

1852 3424 2061 3506 urbe,
2113 3444 2319 3512 quam
2388 3426 2474 3489 de
2521 3428 2793 3489 nomine
2840 3424 2956 3488 suo
3031 3423 3364 3511 Samosata

1853 3521 2134 3598 dixerit,
2183 3521 2470 3608 perinde
2513 3539 2596 3585 ac
2635 3522 2706 3584 in
2758 3520 3077 3605 contigua
3124 3521 3358 3581 Arme-

1824 3616 1968 3679 'nia
2020 3618 2361 3681 Artaxata
2395 3616 2599 3700 ‘dicta
2668 3614 2858 3679 fuere
2909 3635 2951 3678 a
3008 3615 3361 3679 conditore

1849 3711 2176 3790 Artaxia,
2221 3710 2687 3777 Eruandasata
2719 3712 2808 3777 ab
2829 3711 3183 3787 Eruanda,
3236 3712 3359 3773 Ar·

1850 3806 2186 3872 samosata
2220 3809 2307 3872 ab
2348 3808 2628 3873 Arsame
2656 3858 2675 3888 ,
2746 3828 2880 3894 quo
2937 3808 3082 3896 ipso
3141 3802 3358 3871 verili-

1853 3903 2014 3965 mile
2048 3901 2162 3980 fit,
2215 3905 2522 3969 additum
2557 3901 2709 3990 sata
2750 3906 2819 3968 in
2883 3904 3358 3967 Armeniorum

1851 3996 2083 4082 lingua
2136 3995 2502 4083 significare
2554 4000 2790 4082 urbem.
2914 3997 3176 4079 Belleyi
3222 3997 3358 4059 sen·

1851 4093 2135 4154 tentiam
2172 4093 2239 4154 in
2274 4093 2571 4176 subjecta
2602 4096 2921 4157 continuo
2959 4090 3357 4154 dissertatio-

1849 4205 1934 4250 ne
1974 4198 2277 4252 evertere
2320 4189 2555 4255 nititur
2581 4185 2685 4254 Cl.
2713 4189 2796 4252 de
2825 4188 3007 4250 Boze
3042 4205 3125 4249 eo
3167 4203 3362 4271 prae·

1911 4522 2561 4582 chuiiibadeMnns.
2600 4541 2656 4596 p.
2707 4532 2790 4593 89.
2841 4530 2896 4574 et
2932 4519 3007 4574 ad
3043 4518 3218 4592 Reges
3260 4528 3370 4577 vet.
