4125 5500
1100 520 1526 601 REGES
1629 520 2663 641 BAcTRIAMn3
2875 638 2901 655 ..
3084 482 3400 614 figm-

241 723 438 784 mis.-
495 723 714 786 Erant
753 727 821 788 in
860 724 1205 799 Armenia,
1282 723 1785 810 Mesopotamia,
1877 728 2177 808 utrisque
2229 728 2597 788 communi,
2701 724 3010 808 Denique:
3094 736 3394 818 *elegam

242 826 312 878 σε
341 826 477 880 2010
511 816 908 884 parthorum
933 824 1192 906 imper-1⁸0
1226 821 1781 906 dynffliaeplures,
1877 824 2078 884 etiam
2125 824 2433 884 Herculis
2473 836 2709 904 typum
2753 824 3202 913 retium-aruum
3278 804 3409 891 m

241 933 526 996 quarum
554 918 869 1001 principes
896 921 1019 1003 suo
1067 920 1311 982 nomine
1347 921 1672 999 panoniam
1693 921 1780 1006 fi·
1881 920 2005 980 hac:
2041 920 2349 984 nimirum
2393 920 2685 1004 imagine
2729 920 2793 982 in
2850 916 3247 984 Bactrian&
3274 908 3403 988 itit-2.

232 1021 641 1090 gnaveruut.
746 1013 961 1100 Quare
990 1004 1242 1079 dubiam
1267 1031 1389 1077 non
1405 1016 1503 1099 qli,
1552 1011 1781 1079 harum

239 1109 366 1169 uni
398 1115 734 1194 unumve
780 1130 1030 1175 numum
1096 1107 1507 1176 tribuendum.
1609 1107 1785 1195 Coeg

238 1213 449 1285 ptam
500 1222 546 1263 a
578 1206 732 1267 viro
771 1209 1038 1271 erudito
1092 1206 1301 1270 telam
1342 1224 1619 1290 perago.
1670 1205 1780 1267 Es·

243 1297 324 1367 se
353 1317 601 1361 numos
643 1320 877 1386 regum
915 1297 1324 1367 Bactrianae
1354 1346 1373 1378 ‚
1426 1320 1781 1386 argumen·
1804 1292 1819 1309 ⁸

242 1403 404 1456 tum
430 1392 662 1459 habeo
714 1399 985 1462 unicum
1037 1400 1353 1483 quidem,
1424 1407 1498 1460 at
1556 1396 1722 1460 illud
1756 1442 1781 1474 ,

244 1502 332 1552 ut
378 1509 576 1569 reor,
632 1492 979 1572 -solidum,
1043 1493 1158 1574 ab,
1191 1495 1332 1580 ipso
1386 1506 1558 1578 typo
1617 1493 1785 1578 peti-

243 1597 424 1649 tum.
516 1586 713 1664 ‚Sistit
761 1588 877 1654 hic
926 1590 1306 1654 Herculem.
1341 1601 1580 1676 petrae
1642 1587 1785 1652 insi·

255 1682 568 1762 dentem,
620 1686 790 1754 et'd.
826 1686 1102 1750 clavam
1141 1685 1395 1750 elata-m
1420 1697 1784 1759 tenentem,

244 1780 554 1862 perinde·
569 1793 789 1865 atque
823 1794 1032 1869 typus
1064 1784 1135 1845 in
1167 1782 1407 1847 citato.
1428 1780 1628 1869 supra
1655 1781 1785 1843 Eu-

246 1874 576 1958 thydemi
614 1897 824 1953 numo
843 1928 864 1958 ,
919 1899 1121 1963 quem
1154 1876 1345 1943 fuiss'e
1378 1879 1787 1943 Bactrianae

248 1991 493 2057 regem
547 1986 737 2038 certo
798 1973 1077 2042 constat.
1223 1976 1363 2040 Vix
1436 1972 1791 2039 verisimile

247 2069 634 2147 videatur,
689 2063 729 2132 si
767 2073 952 2135 numi
983 2070 1055 2134 hi
1102 2071 1384 2136 alterius
1426 2072 1628 2135 essent
1680 2084 1791 2134 re-

253 2165 489 2249 gionis
514 2214 536 2243 ,
589 2170 1008 2231 monetarios
1043 2167 1127 2232 sic
1182 2170 1386 2232 anxie
1426 2166 1792 2231 Herculem

258 2261 362 2324 ad
399 2280 644 2325 omnes
703 2262 1017 2327 Herculis
1066 2263 1599 2346 Euthydemiani
1648 2261 1792 2345 api·

255 2375 381 2420 ces
414 2355 607 2421 fuiss'e
649 2357 970 2436 ficturos»,
1038 2372 1107 2422 et
1153 2360 1656 2445 conspiraturos
1724 2358 1796 2418 in

250 2463 484 2537 typo,
527 2455 655 2539 —qui
696 2454 1060 2519 secundum
1103 2474 1339 2518 omnes
1388 2454 1623 2518 causas
1673 2452 1797 2516 vix

257 2548 337 2610 in
379 2551 535 2613 aliis
565 2551 787 2613 numis
830 2549 1061 2615 exstat.
1166 2548 1463 2628 Confer,
1514 2548 1796 2623 amabo,

262 2665 512 2709 omnes
548 2659 729 2724 tres,
782 2647 1138 2731 dequibus
1178 2649 1480 2733 agimus,
1528 2662 1799 2720 numos,

1877 1012 2133 1097 pensius
2185 1016 2373 1085 culti.
2662 1089 2668 1092 ς

1941 1109 2313 1193 Ευρεπεέἶ,
2369 1125 2441 1173 ut
2477 1095 2801 1197 nccuf'iem
2837 1161 2850 1185 ,
2910 1133 3082 1197 quae:
3142 1129 3394 1171 novam

1869 1205 2041 1265 han-z:
2077 1209 2461 1269 sententiam
2513 1213 2773 1291 possunt
2813 1209 2874 1269 in
2914 1209 3242 1269 invidiam
3274 1225 3394 1265 νῦ-

1869 1304 2069 1381 [τιιι-έ,,
2121 1343 2133 1365 -2
2197 1301 2505 1365 Testibus
2597 1305 2838 1365 Iustino
2938 1321 3002 1365 et
3054 1305 3390 1365 strabum,-

1870 1393 2392 1490 Graecprtfflijn
2413 1401 2783 1462 Bactriana
2807 1401 3172 1486 imperium
3198 1412 3364 1460 ‘ever
3379 1433 3398 1446 -

1872 1488 2014 1567 sum
2062 1480 2529 1578 est'primutn.
2559 1515 2607 1558 a
2649 1495 2972 1571 Parthis,
3026 1494 3169 1573 .‚de·
3226 1492 3309 1566 de
3355 1512 3403 1558 a

1871 1586 2144 1675 Scythis
2187 1589 2673 1672 Nomadibus„
2742 1580 3207 1675 Testimonium·
3269 1607 3398 1657 aec
3510 1607 3537 1621 “·

1873 1683 2169 1762 collecta
2201 1678 2418 1749 h‘abes
2452 1682 3196 1771 apud„Bayerum›·-3)=.
3221 1682 3401 1766 ‘Sky-

1874 1778 2150 1844 tharum
2184 1782 2398 1845 etiam
2457 1783 2528 1844 in
2599 1782 3042 1848 Bactrianam
3104 1778 3404 1849 ,invasio-

1878 1895 2035 1939 nem
2080 1877 2151 1940 in
2181 1878 2637 1941 monumentis
2689 1876 3060 1941 sinensium
3131 1887 3251 1940 aut
3305 1875 3406 1939 vi-

1879 1973 2015 2050 dit,
2066 1985 2191 2036 aut
2226 1973 2460 2037 videre
2500 1971 2620 2036 sibi
2654 1971 2832 2038 visus
2871 1971 2959 2037 est
2994 1974 3080 2039 cl.
3140 1972 3226 2035 de
3246 1967 3406 2035 Gui÷

1884 2087 2072 2154 gnes.
2118 2057 2189 2152 hb)
2287 2069 2446 2133 Non
2466 2068 2757 2137 inficior.
2860 2073 3113 2135 Verum
3141 2067 3186 2131 si
3220 2087 3407 2131 ever·

1879 2164 2017 2228 sum
2056 2160 2148 2228 est
2195 2162 2617 2230 Graecorum
2653 2167 2723 2230 in
2775 2166 3149 2230 Bactriana
3194 2164 3409 2249 impe-

1876 2260 2052 2323 rium
2083 2310 2104 2339 ,
2156 2280 2292 2324 non
2336 2262 2545 2324 etiam
2600 2260 2807 2325 eversi
2843 2261 3070 2327 coloni
3116 2259 3362 2324 Graeci
3388 2305 3409 2339 ,

1887 2358 2004 2440 qui
2038 2377 2193 2420 eam
2245 2358 2402 2420 inde
2440 2357 2530 2421 ab
2573 2358 2971 2422 Alexandro
3011 2359 3110 2422 M.
3155 2352 3409 2441 copiosi

1882 2451 2250 2520 incoluere»
2369 2453 2741 2518 Enimvero
2824 2453 3411 2539 quemadmodum

1884 2546 2117 2611 everso
2152 2567 2197 2610 a
2244 2548 2516 2610 Parthis
2559 2545 2980 2613 Graecorum
3022 2549 3410 2615 Seleucida·

1884 2661 2034 2705 rum
2068 2656 2258 2707 trans
2293 2643 2712 2729 Euphratem
2753 2645 3046 2729 imperio
3093 2665 3411 2731 perrexe-

265 2754 342 2806 et
383 2743 668 2830 negabis
692 2744 996 2807 interesse
1036 2744 1413 2821 discrimen,
1464 2739 1804 2829 nisi-quod
1882 2752 2037 2802 runt
2067 2753 2298 2804 tamen
2337 2739 2585 2806 Graeci
2620 2737 2880 2825 legibus
2922 2739 3051 2805 suis
3098 2741 3238 2819 uti,
3291 2761 3408 2803 nu·

264 2838 695 2923 Euthydemi
739 2860 982 2903 numus
1036 2840 1365 2925 elegantis
1400 2838 1491 2903 est
1532 2841 1804 2927 operis,
1885 2856 2173 2921 mosque
2216 2857 2367 2900 cum
2391 2836 2692 2919 Parthici
2730 2841 2906 2923 regis
2937 2839 3165 2923 capite
3206 2835 3413 2901 ferire

259 2936 495 3014 alteri,
548 2938 734 3019 quod
769 2936 1093 3023 prolapsa
1132 2929 1275 3020 jam
1312 2948 1462 2999 arte
1506 2937 1803 3021 percussi
1883 2932 2400 3010 constituerunt,
2453 2932 2537 2996 sic
2582 2934 2828 2997 horum
2867 2934 3184 3019 exemplo
3230 2934 3415 2998 idem

268 3032 467 3109 sunt,
519 3031 824 3108 barbari.
936 3033 1239 3096 Admiss‘a
1285 3033 1420 3096 hac
1469 3051 1626 3094 mea
1676 3033 1809 3095 sen·
1890 3050 1933 3093 a
1967 3027 2252 3094 Graecis
2284 3029 2680 3094 -Bactrianis
2733 3028 2995 3098 factum
3058 3028 3415 3097 verisimile

268 3127 491 3192 sentia
553 3128 824 3212 reliqua
869 3130 1104 3193 omnia
1171 3128 1531 3191 commode
1598 3128 1810 3212 expli·
1892 3124 2004 3193 esi.
2109 3125 2365 3208 Quales
2391 3126 2646 3190 fuerint
2681 3127 2753 3190 hi
2786 3146 2981 3213 reges
3000 3126 3413 3214 postEucra-

266 3237 541 3288 cantur.
645 3222 895 3289 Graeci
946 3227 1020 3288 in
1080 3215 1478 3288 Bactriana
1563 3223 1757 3308 politi
1786 3271 1809 3302 ,
1889 3222 2144 3299 tidem,
2199 3242 2400 3308 quem
2442 3243 2528 3285 ex
2565 3220 2846 3287 Graecis
2886 3224 3300 3288 Bactrianae
3317 3243 3416 3287 re-

273 3339 576 3404 quorum
616 3331 878 3403 quanta
918 3319 1128 3385 fuerit
1157 3320 1489 3406 potentia,
1542 3319 1611 3381 in
1653 3337 1811 3404 pro·
1893 3318 2091 3403 gibus
2136 3319 2543 3404 postremum
2599 3330 2961 3410 memorat.
2987 3318 3310 3398 historia,
3360 3320 3418 3383 i-

264 3417 654 3501 legomenis
692 3418 786 3480 ad
822 3417 1232 3482 Bactrianae
1294 3435 1529 3501 regum
1563 3434 1810 3481 numos
1890 3433 2282 3501 gnoramus.
2380 3414 2703 3479 Dubitari
2744 3416 3003 3500 nequit,
3055 3416 3232 3480 inter
3260 3436 3424 3501 per-

268 3512 620 3589 diximus,
675 3514 920 3576 eodem
956 3513 1170 3576 modo
1208 3511 1552 3599 signavere
1605 3531 1809 3596 pecu·
1893 3522 2140 3597 petuos
2194 3523 2459 3586 motus,
2513 3522 2581 3573 et
2625 3510 2988 3575 horribiles
3035 3512 3420 3598 procellas,

261 3610 461 3675 niam
507 3627 662 3671 cum
713 3609 938 3691 capite
995 3609 1172 3693 regis
1223 3607 1357 3685 sui,
1412 3627 1548 3691 quo
1603 3606 1812 3671 Grae·
1899 3604 2146 3689 quibus
2180 3606 2352 3669 haec
2391 3606 2692 3670 Orientis
2727 3628 2889 3692 pars
2926 3629 3092 3694 prae
3131 3609 3284 3673 aliis
3317 3629 3426 3672 re-

273 3722 402 3767 cos
442 3703 510 3765 in
543 3702 831 3766 Parthia
867 3701 1118 3786 positos
1156 3715 1499 3768 monetam
1539 3724 1691 3767 cum
1714 3724 1816 3766 re·
1897 3702 2215 3787 gionibus
2268 3701 2582 3766 concussa
2652 3701 2782 3782 est,
2864 3704 3422 3790 praevalentibus

269 3801 379 3887 gis
428 3798 739 3862 Parthici
764 3798 989 3881 capite
1029 3798 1296 3884 signasse
1327 3799 1645 3865 diximus,
1706 3798 1819 3862 Vfi
1871 3802 2041 3882 ·jam
2117 3797 2263 3876 his,
2310 3802 2453 3882 jam
2516 3799 2703 3879 illis,
2756 3802 3200 3865 Bactrianam
3275 3805 3417 3884 jam

268 3894 531 3960 deinde
582 3894 729 3958 sunt
760 3912 926 3958 aera
960 3891 1469 3959 Seleucidarum
1513 3895 1601 3959 ab
1634 3915 1818 3960 anno
1903 3897 2075 3970 hos,
2124 3897 2268 3977 Jam
2329 3895 2486 3957 illos
2548 3896 2867 3961 dominos
2918 3910 3240 3977 nactam,
3311 3899 3422 3963 seu

229 3986 361 4055 'V.
422 3988 500 4054 C.
537 4003 677 4068 442
706 4038 725 4068 ,
779 3987 927 4066 vel,
980 4000 1055 4051 ut
1119 3991 1273 4053 aliis
1319 3991 1582 4076 placet,
1654 4010 1823 4055 aera
1900 3989 2198 4054 Parthos
2233 4037 2252 4068 ,
2301 3989 2409 4052 seu
2457 3990 2750 4074 Scythas
2779 4041 2797 4069 ,
2866 3993 2974 4056 seu
3028 4014 3115 4055 ex
3165 3995 3421 4082 indige-

273 4085 713 4152 Graecorum
757 4084 847 4149 ab
902 4102 1081 4148 anno
1165 4087 1478 4168 sequente
1560 4088 1815 4165 ducta,
1903 4087 2006 4151 nis
2058 4085 2475 4171 quempiam.
2573 4087 2663 4151 Et
2698 4087 2879 4153 forte
2932 4090 3227 4153 Parthus
3280 4089 3426 4155 fue.

268 4184 568 4271 perinde
631 4201 712 4245 ac
773 4180 1022 4245 Graeci
1092 4181 1431 4256 Parthici,
1501 4183 1822 4244 nimirum
1899 4194 2009 4245 rat
2042 4193 2459 4245 memoratus
2494 4185 2567 4245 in
2595 4204 2805 4249 numo
2830 4186 3213 4261 Mouneses,
3265 4208 3425 4251 nam

263 4300 447 4345 aera
485 4326 503 4355 ,
560 4299 711 4344 cum
754 4277 978 4342 adhuc
1037 4276 1407 4340 Seleucidis
1456 4292 1815 4362 parerent,
1901 4276 2069 4340 istud
2106 4297 2352 4341 nomen
2401 4278 2770 4363 aliquoties
2813 4285 2886 4345 in
2936 4281 3215 4346 historia
3261 4284 3424 4346 Par·

340 4493 402 4556 a)
438 4489 475 4542 1.
513 4507 562 4548 c.
600 4505 662 4560 p.
695 4489 786 4555 96.
992 4483 1056 4556 b)
1100 4485 1165 4545 Β.
1204 4485 1267 4538 L.
1308 4485 1481 4542 Mem.
1520 4488 1589 4541 Τ.
1627 4488 1816 4544 XXV.
1854 4509 1911 4563 p.
1955 4510 2035 4558 ¹7.

369 4565 568 4655 (Vol.
619 4560 807 4644 ιη.)
2676 4573 2733 4633 Β
2786 4571 2830 4634 b
2885 4569 2929 4633 b
2985 4571 3024 4633 b

879 4894 1168 5086 Q

457 4842 549 4882 3.
