4125 5500
792 575 924 643 13²

1279 744 1830 821 APAME-A.

880 945 1054 1010 Vrbs
1090 945 1339 1009 nobilis
1365 993 1384 1023 ,
1427 946 1786 1010 secundum
1812 945 2103 1030 Plinium
2129 947 2314 1012 dicta

783 1044 1075 1129 primum
1121 1042 1449 1118 Celaenae,
1504 1043 1659 1105 dein
1714 1042 2010 1118 Cibotos,
2062 1041 2310 1126 postre-

776 1161 891 1205 mo
929 1141 1222 1225 Apamea
1285 1137 1375 1201 ab
1430 1141 1697 1221 Apame
1751 1139 2074 1201 Antiochi
2119 1138 2310 1201 Sote·

776 1238 870 1300 ris
922 1248 1187 1311 matre,
1240 1244 1315 1296 ut
1366 1231 1578 1296 refert
1618 1233 1885 1298 Strabo,
1991 1235 2138 1298 Sita
2183 1233 2314 1298 fuit

780 1331 872 1394 ad
892 1330 1347 1420 Nlaeandgum
1366 1340 1433 1390 et
1458 1329 1805 1411 Marsyam
1826 1330 2098 1406 fluviae,
2135 1351 2310 1412 quae

781 1426 1016 1489 omnia
1059 1437 1179 1487 aut
1207 1422 1652 1506 confirmata,
1695 1437 1815 1491 aut
1854 1426 2192 1514 disputata
2216 1429 2310 1492 vi·

780 1523 865 1586 de
907 1521 1094 1607 apud
1135 1518 1527 1586 Cellarium.

1293 1717 1804 1784 Autonomi:

879 1909 1083 1995 Caput
1131 1907 1422 1975 muliebre
1457 1912 1780 1975 turritum.
1851 1914 1909 1981 κ
1961 1908 2313 1971 ΑΠΑΜΕ-

764 2008 926 2069 -ΩΝ,
978 2007 1452 2072 ΛΤΤΛΛΟΣ.
1495 2005 1959 2072 BlANOPOT.
1992 2014 2139 2068 “aut
2187 2022 2309 2068 va..

777 2105 987 2167 riante
1020 2103 1415 2190 magistratu.
1515 2101 1816 2185 Marsyas
1861 2099 2172 2166 caudatus
2199 2122 2310 2166 vo-

776 2198 997 2264 litante
1030 2209 1207 2264 retro
1235 2196 1487 2284 palliolo
1512 2245 1532 2276 ‚
1586 2211 1785 2263 cetera
1814 2197 2020 2263 nudus
2038 2245 2057 2277 ,
2111 2208 2171 2263 et
2205 2200 2311 2261 ἱκ-

760 2296 968 2381 ffiens
999 2294 1280 2379 flexibus
1302 2294 1643 2361 Maeandri
1664 2294 1850 2360 binas
1875 2293 2068 2359 tibias
2109 2294 2311 2380 inflat.

774 2390 914 2455 AE.
953 2392 1037 2452 11.
1095 2390 1300 2472 (Mus.
1344 2390 1530 2451 Caes.
1570 2389 1920 2470 Pellerin.)

869 2475 974 2560 De
1013 2484 1296 2568 Marsya
1329 2484 1491 2547 vide
1543 2486 1874 2570 propiora
1905 2485 1977 2547 in
2020 2487 2315 2573 impera-

773 2583 990 2645 toriis.
1090 2580 1399 2644 Eundem
1442 2592 1687 2665 typum
1725 2580 2061 2648 habemus
2101 2587 2310 2650 etiam

765 2678 848 2758 =in
892 2696 1101 2742 numo
1141 2676 1337 2741 Aliae
1382 2676 1673 2761 Lydiae.
2223 2693 2226 2696 ·

877 2776 1078 2861 Caput
1124 2773 1435 2843 Palladis.
1514 2782 1574 2850 x
1641 2777 2112 2843 ΑΠΑΜΕΩΝ.
2153 2782 2304 2844 ΚΩ-

768 2875 978 2937 ΚΟΤ.
1033 2870 1130 2936 vel
1173 2869 1528 2937 nominibus
1570 2873 1734 2939 aliis.
1835 2874 2072 2940 Flexa-5
2117 2877 2309 2941 Mae-

771 2967 1004 3042 andri,
1037 2969 1239 3052 supra
1281 2989 1439 3052 quos
1472 2968 1750 3033 volitans
1789 2968 2042 3054 aquila,
2079 2967 2220 3034 hinc
2250 2981 2311 3035 et

759 3062 916 3128 'inde
958 3063 1105 3145 pilei
1148 3062 1613 3146 Dioscur'orum.
1671 3063 1811 3131 AE.
1845 3063 1972 3131 111.

869 3158 1074 3219 Numi
1106 3156 1178 3217 hi
1214 3155 1360 3218 sunt
1403 3155 1616 3219 obvii.

875 3250 1344 3314 ΑΠΑΜΕΩΝ.
1401 3253 1606 3335 Caput
1638 3249 1906 3332 nudum,
1947 3254 2103 3339 fors
2132 3255 2310 3321 Lucii

2044 549 2690 646 PHRYGIA.

2496 753 2923 818 AnAMfflA.
2967 827 2972 834 ,
3022 749 3228 839 Caput
3272 751 3564 822 muliebre
3598 741 3922 825 meam.

2394 858 2452 925 κ
2505 851 2913 916 (ΞΩΤΕΙΡΑ.
2966 851 3200 915 Hecate
3237 855 3590 935 tergemina
3646 856 3923 940 expmffis

2395 952 2660 1034 quinque
2715 946 3005 1010 manibus
3066 946 3384 1012 attributa
3443 951 3638 1014 varia
3701 959 3918 1021 tenens.

2394 1044 2532 1106 AE.
2567 1044 2691 1106 111.
2746 1043 2947 1128 (Mus.
2986 1043 3083 1105 M.
3127 1043 3378 1119 Ducis,
3433 1042 3781 1129 Arigoni.)

2493 1139 2743 1202 Similis
2801 1150 3003 1222 typus
3061 1137 3157 1202 est
3222 1139 3408 1223 apud
3449 1139 3817 1225 Seguinum
3853 1143 3918 1207 in

2395 1255 2602 1298 numo
2617 1235 3026 1298 Antiochiae
3048 1233 3336 1312 Cariae,
3371 1229 3433 1317 Ιὗ)
3470 1249 3539 1298 et
3565 1239 3756 1322 apud
3776 1239 3914 1301 Pel·

2394 1330 2707 1393 lerinium
2759 1332 2830 1393 in
2881 1343 3258 1416 auton-omo
3321 1333 3662 1414 AezaniS,
3693 1330 3755 1413 c)
3806 1336 3912 1418 qui

2395 1447 2479 1490 eo
2536 1429 2825 1490 indicari
2871 1428 3148 1491 Furiam
3198 1429 3529 1515 credidit,
3580 1442 3656 1492 at
3697 1432 3912 1495 verius

2395 1524 2522 1587 ell'e
2575 1524 2882 1588 Hecaten
2934 1523 3251 1610 spectatis
3307 1523 3623 1588 omnibus
3670 1525 3909 1605 cantic,

2393 1621 2597 1683 docui
2639 1622 2709 1683 in
2754 1622 2920 1684 meis
2947 1622 3187 1685 Numis
3225 1620 3612 1698 veta-ibae,
3653 1641 3790 1705 quo
3821 1623 3909 1686 lo-

2394 1736 2476 1779 co
2515 1717 2933 1800 praesentem
2973 1736 3252 1784 numum
3283 1717 3488 1780 edidi.
3523 1711 3588 1797 d)

2489 1813 2705 1877 ΙΕΡΑ.
2755 1811 3079 1878 BOTAH.
3156 1814 3358 1900 Caput
3409 1812 3706 1880 muliebre
3753 1814 3910 1881 vela-

2392 1918 2544 1974 tum.
2600 1907 2984 1993 (Pellerin.)
3279 1967 3286 1974 .

2487 2003 2766 2069 Exstant
2817 2017 3176 2090 praeterea
3223 2006 3423 2089 hujus
3483 2007 3672 2070 urbis
3724 2028 3904 2093 prae-

2394 2098 2638 2164 stantes
2671 2098 3091 2186 Cistophori‚
3123 2123 3320 2187 quos
3356 2103 3762 2169 dabimusin
3785 2117 3906 2168 tta—

2400 2209 2587 2262 ctatu
2635 2199 2720 2261 de
2758 2199 2976 2262 numia
3011 2196 3456 2283 cistophoris.

2494 2295 2654 2363 AR.
2706 2293 3046 2383 Cssoplzori
3093 2295 3243 2363 ΚΕ.
3291 2297 3451 2367 ΑΕ.
3505 2297 3566 2362 C.
3701 2355 3710 2362 .

2861 2459 3461 2596 Imperat-oei&

2490 2682 2877 2748 Procedunt
2903 2684 2994 2749 ab
3018 2683 3315 2775 Augusto
3337 2731 3357 2762 ‚
3407 2684 3524 2769 qui
3558 2682 3707 2747 sunt
3738 2683 3910 2770 apud

2390 2778 2827 2845 Pellerinium
2856 2832 2874 2861 ‚
2930 2804 3145 2868 usque
3190 2785 3282 2847 ad
3316 2783 3629 2846 Decium.
3721 2844 3734 2851 ,

2487 2877 2860 2963 Epigraphe
2881 2904 2905 2944 .-
2971 2882 3178 2946 ArlA.
3225 2882 3293 2943 in
3360 2899 3565 2943 numo
3626 2877 3907 2942 Claudii.

2396 2971 2779 3056 (Pellerin.)
2880 2977 3379 3041 ΑΠΑΜΕΙΑΣ.
3471 2974 3913 3038 ΑΠΑΜΕΙΣ.

2394 3064 2670 3151 (Vaill.)
2710 3067 2822 3132 sed
2859 3072 3159 3154 priorem
3180 3073 3534 3135 lectionem
3552 3068 3914 3151 impugnat

2392 3160 2812 3231 Pellerinius.
2845 3164 2905 3248 ⁶)
2958 3168 3036 3230 In
3067 3168 3345 3251 reliquis
3381 3165 3854 3230 AHAMEQN.

2491 3257 2826 3342 Spectatis
2871 3268 3040 3349 typis
3085 3266 3385 3328 maxime
3441 3260 3910 3325 memorabiles

781 3345 1082 3432 Caesaris.
1135 3352 1193 3418 ,ἲ
1242 3347 1722 3412 ΑΤΤΑΛΟΣ.
1764 3351 2308 3418 ΔΙΟΤΡΕΦΟΤ.
2383 3351 2537 3415 sunt
2578 3354 2966 3439 sequentes,
3020 3361 3104 3424 de
3145 3360 3389 3444 quibus
3423 3359 3703 3424 omuino
3739 3356 3900 3420 seor-

772 3444 1009 3512 Flexus
1030 3434 1374 3510 Maeandri
1392 3494 1416 3530 ‚
1433 3444 1629 3533 super
1652 3442 1875 3532 quibus
1901 3445 2060 3513 duae
2074 3448 2305 3536 spicae.

774 3542 916 3610 AE.
946 3540 1091 3606 fere
1115 3541 1202 3605 Π.
1256 3541 1641 3627 (Pellerin.)

876 3638 1079 3723 Caput
1103 3639 1297 3702 Iovis.
1350 3636 1408 3710 31
1459 3640 1580 3701 ΛΠ
1592 3640 1803 3704 ΑΜΕ.
1856 3592 2020 3706 Iano
2044 3638 2305 3707 'Pronu-

2389 3446 2507 3513 fim
2548 3455 2909 3537 agendum.
3223 3528 3235 3539 .

2484 3547 2588 3616 De
2616 3553 2824 3616 nemis
2851 3552 3200 3637 Apmnenis
3235 3552 3456 3619 diluvic·
3503 3554 3768 3643 testibus.

2488 3646 2729 3709 Trium
2768 3646 3102 3714 habemus
3139 3651 3636 3735 imperatorum
3676 3666 3906 3713 numos

752 3734 862 3800 ‘ba
895 3734 1110 3809 addito
1144 3733 1536 3818 magssratu.
1571 3735 1712 3797 AE.
1743 3736 1830 3802 11.
1884 3735 2085 3818 (Mus.
2120 3736 2305 3802 Caes.
2388 3743 2745 3826 Apameae
2787 3744 2974 3808 cusos
3001 3794 3019 3824 ‚
3075 3759 3143 3808 et
3177 3748 3420 3809 eodem
3464 3766 3702 3809 omnes
3726 3766 3906 3830 argu·

773 3827 1126 3910 Pellerin.)

878 3924 1185 3988 Similem
1251 3923 1468 3989 edidit
1538 3922 1926 4005 Tristanus‚
1960 3932 2014 4006 ⁸)
2105 3949 2306 4013 quem

2390 3849 2618 3900 mento
2643 3884 2666 3915 ‚
2715 3837 2944 3903 illustri
2986 3862 3070 3905 eo
3115 3854 3335 3922 certe,
3385 3842 3496 3906 sed
3534 3844 3720 3927 quod
3748 3841 3904 3904 anti·

2392 3935 2788 4017 quariorum
2814 3938 3077 4017 judicia
3093 3940 3337 4002 mirum
3363 3940 3704 4015 exercuit,
3743 3955 3906 4020 quae

772 4022 1165 4087 Harduinus
1215 4027 1571 4109 Apameae
1627 4034 1695 4085 et
1750 4025 2132 4088 Heracleae
2192 4024 2303 4103 Se·
2385 4042 2760 4113 antequam
2808 4036 3296 4117 expendimus,
3336 4035 3588 4098 necess'e
3625 4032 3904 4119 cumpri-

775 4118 1056 4182 leucidis
1087 4118 1368 4183 urbibus
1392 4117 1628 4181 tribuit
1649 4164 1669 4195 ‚
1704 4121 1864 4202 quia
1895 4121 2309 4193 inscribitur:

782 4216 1124 4279 AHAME.
1170 4214 1565 4279 HPAKAE.
1632 4213 1766 4278 Sed
1808 4214 2132 4301 posterius
2187 4242 2308 4284 vo-

782 4309 1104 4376 cabulum
1162 4306 1618 4393 magistratum
1665 4322 2021 4393 notat‚‘et
2068 4334 2306 4381 numus

780 4406 869 4489 est
908 4406 1104 4487 hujus
1146 4403 1353 4467 urbis.

2396 4127 2522 4189 mis
2549 4175 2570 4207 ,
2625 4146 2864 4190 numos
2899 4129 3077 4215 ipsos
3117 4132 3445 4197 adcurate
3470 4130 3861 4196 describere.

2488 4220 2864 4291 SEVERI.
2908 4272 2920 4285 .

2492 4318 2656 4389 ΕΠΙ.
2707 4320 3348 4392 ΑΓΩΝΟΘΕΤΟΤ.
3389 4328 3792 4394 ΑΡΤΕΜΑ.
3843 4327 3910 4390 Γ.

2390 4412 2850 4481 ΑΠΑΜΕΩΝ.
2903 4420 3085 4487 Arca
3104 4423 3291 4487 undis
3322 4427 3653 4500 innatans,
3695 4427 3761 4487 in
3794 4442 3916 4511 qua

797 4546 3921 4583 mmmm——

853 4618 908 4684 a)
949 4617 1114 4673 Tom.
1152 4612 1232 4680 11.
1268 4633 1330 4690 p,
1364 4634 1485 4689 337.
1558 4620 1617 4690 b)
1654 4622 1764 4675 Sel.
1801 4638 1950 4674 num.
1986 4637 2042 4692 p.
2088 4634 2204 4690 ¹79·
2278 4622 2323 4687 c)
2363 4622 2555 4697 Snppl.
2574 4626 2650 4680 11.
2691 4646 2748 4700 p,
2785 4644 2871 4696 92.
2943 4627 3000 4697 d)
3036 4586 3165 4702 pag.
3200 4644 3317 4703 243.
3391 4636 3445 4704 e)
3487 4634 3717 4691 Metu.
3748 4652 3808 4707 p.
3834 4635 3923 4702 36.
