4125 5500
669 694 690 703 ἣ
761 604 1155 683 NVMI.
1220 600 2019 681 PRINCIPVM·
2068 596 2718 678 ·1vDAEAE.
3157 558 3293 696 491*

271 813 483 883 Primi
517 811 662 875 sunt
690 807 762 872 hi
801 805 1126 891 principis
1169 804 1434 868 Iudaici
1477 805 1690 882 numi,
1782 803 1967 866 dium
2006 803 2076 865 in
2113 801 2487 866 obtinendo
2521 799 2810 885 imperio
2848 788 3165 887 prompte
3191 806 3308 868 ad·

184 919 298 1003 qui
339 910 631 996 effigiem
668 904 1064 986 insculptam
1108 899 1456 975 exhibent,
1506 905 1692 982 cujus
1778 902 2016 981 juvat,
2068 896 2268 981 hujus
2324 896 2657 960 beneficio
2720 908 3020 958 veterem
3104 901 3306 963 ditio.

176 1012 378 1099 plura
429 1007 749 1086 deinceps
803 997 1124 1082 exempla
1179 996 1440 1059 dabunt
1508 997 1697 1059 numi
1784 1015 1938 1056 nem
1995 994 2328 1070 Iudaeae,
2400 993 2797 1068 Samariae,
2859 991 3108 1057 Abilae
3193 1016 3301 1058 ac·

179 1107 528 1190 Agrippae
573 1099 656 1170 ΙΙ,
756 1094 891 1158 Sed
922 1091 1276 1155 verisimile
1305 1089 1432 1168 est,
1485 1090 1697 1154 Grae.
1787 1089 2196 1154 cessionibus
2234 1101 2457 1173 auget.
2554 1086 2841 1150 Exactis
2891 1090 3086 1152 annis
3116 1092 3315 1175 regni.

183 1222 300 1267 cos
343 1178 458 1263 his*
505 1190 921 1280 principibus
972 1188 1303 1267 subiectos
1363 1189 1435 1249 id
1492 1204 1698 1272 genus
1786 1186 1937 1249 VII.
1975 1188 2302 1262 moritur,
2353 1185 2484 1247 suis
2525 1195 2809 1268 propter
2852 1183 3197 1247 adfectum
3238 1188 3308 1249 in

178 1314 432 1362 numos
458 1288 808 1353 feriundos
854 1282 1128 1347 curasse.
1229 1280 1505 1346 Constat
1556 1282 1698 1367 pas·
1787 1280 1972 1366 leges
2010 1282 2269 1365 patrias
2314 1280 2597 1343 multum
2648 1278 3161 1344 commendatus
3202 1284 3308 1345 -ν,

177 1393 294 1457 sim
333 1410 422 1452 ex
464 1383 728 1470 Iosephi
760 1380 941 1443 bello
984 1379 1287 1456 Iudaico,
1337 1378 1531 1460 hujus
1567 1389 1700 1440 tra·

178 1502 325 1554 ctus
373 1483 573 1548 urbes
616 1474 965 1543 aGraecis
994 1473 1370 1537 habitatas..
1473 1473 1702 1556 Quan-

181 1602 392 1668 quam
428 1573 682 1643 constet
743 1574 994 1646 etiam,
1061 1569 1380 1633 Iudaicos
1456 1588 1649 1652 reges
1682 1616 1702 1648 ,

180 1700 269 1742 ex
311 1695 453 1762 quo
510 1668 846 1737 Romanis
891 1665 1176 1730 obnoxii
1218 1664 1344 1727 ess'e
1387 1683 1701 1750 coepere,

177 1792 336 1838 cum
373 1767 635 1855 legibus
674 1763 801 1827 suis
854 1763 1076 1827 laxius
1136 1759 1514 1825 cohaesisse.
1616 1760 1704 1822 E.

172 1866 464 1952 xemplo
498 1861 678 1937 esto,
729 1858 1078 1921 Herodem
1125 1857 1222 1917 M.
1260 1855 1520 1943 templa
1565 1860 1701 1920 Au-

171 1962 365 2051 gusto
400 1954 764 2024 condidisse
797 2000 818 2031 ‚
887 1952 1132 2031 deinde
1199 1952 1539 2051 Herodem
1608 1965 1702 2015 te·

168 2058 531 2125 trarcham
587 2048 961 2115 Tiberiade
1006 2048 1288 2112 domum
1327 2046 1511 2110 suam
1562 2047 1703 2111 ani-

172 2153 525 2219 mantium
580 2144 772 2232 signis
819 2143 1207 2229 exornatio,
1277 2141 1481 2206 serius
1544 2163 1704 2228 pro-

173 2265 426 2338 pterea
478 2245 569 2309 ab
617 2242 811 2305 iratis
860 2239 1133 2303 Iudaeis
1208 2237 1582 2316 incensam,
1632 2250 1708 2302 ut

169 2346 397 2411 refert
461 2338 780 2424 Iosephus
845 2337 922 2397 in
979 2336 1143 2399 Vita
1201 2334 1319 2397 sua
1383 2353 1538 2420 cap.
1599 2353 1704 2399 12.

174 2444 470 2525 Quanto
516 2433 885 2498 statuarum
936 2429 1196 2514 pupulo
1245 2429 1530 2511 antiqua
1569 2429 1706 2492 cla·

169 2555 423 2602 rorum
483 2528 820 2596 artificum
881 2524 1315 2608 exemplaria
1382 2525 1708 2586 imitanti-

164 2653 292 2698 um
325 2629 644 2715 Agrippa
675 2623 760 2687 11.
813 2617 1214 2683 Caesaream
1237 2617 1539 2705 Philippi
1565 2616 1704 2681 fre·

168 2722 622 2816 quentaverit
643 2768 664 2799 ‚
716 2725 951 2781 narrat
981 2713 1325 2800 Iosephus.
1380 2719 1436 2792 ⁸)

263 2907 818 2987 AGRIPPA
869 2906 973 3012 ‚1⁶
1088 2905 1602 2975 MAGNVS.

265 3108 504 3172 Natus
550 3097 931 3167 Aristobulo
980 3099 1277 3163 Herodis
1321 3103 1419 3166 Μ.
1458 3100 1607 3166 filio
1639 3116 1711 3167 et

158 3202 536 3276 Berenice.
637 3194 850 3260 Caeso
883 3209 1076 3279 patre
1129 3205 1293 3258 'cum
1347 3209 1562 3260 matre
1635 3219 1706 3262 o·

159 3299 446 3368 etennis
487 3297 779 3358 Romam
813 3289 1160 3375 profectus
1201 3303 1268 3353 et
1319 3293 1394 3355 in·
1443 3294 1605 3357 aula
1640 3316 1705 3359 e·

161 3401 476 3462 ducatus
512 3387 869 3476 paullatim
925 3385 1322 3471 profuturas
1362 3386 1480 3452 fibi
1539 3391 1704 3455 ami·

160 3493 381 3558 sitias
437 3484 801 3550 contraxit.
903 3481 1283 3566 Caligulam
1348 3485 1534 3567 quod
1585 3487 1706 3549 im.

153 3586 448 3675 pennus
485 3583 775 3654 coleret,
820 3597 864 3640 a
903 3577 1188 3641 Tiberio
1232 3592 1536 3644 extremo
1578 3582 1709 3645 im-

153 3684 352 3772 perii
400 3697 588 3743 anno
647 3676 988 3754 conjectus
1043 3674 1113 3735 in
1171 3676 1496 3752 vincula,
1593 3677 1709 3742 sed

157 3781 308 3844 hoc
351 3774 598 3862 paullo
631 3766 775 3855 post
831 3782 1099 3833 mortuo
1133 3790 1273 3833 non
1313 3771 1708 3838 ,libertatem

154 3876 396 3940 modo
451 3870 722 3950 volente
767 3861 1122 3949 Caligula,
1171 3866 1283 3929 sed
1339 3879 1408 3931 et
1479 3870 1709 3955 patrui

148 3967 532 4054 Philippi,
584 3955 652 4026 e't
695 3957 1032 4042 Lysaniae
1070 3963 1473 4028 tetrarchias
1517 3967 1705 4051 regio

147 4068 461 4132 nomine
498 4061 786 4145 adeptus
821 4053 909 4116 est
933 4101 954 4132 ‚
1005 4056 1274 4134 adjecta
1306 4078 1445 4122 non
1489 4061 1706 4125 multo

146 4160 314 4250 post
355 4160 661 4243 Antipae
696 4152 770 4214 in
799 4150 1074 4215 exilium
1112 4152 1290 4216 missi
1313 4157 1703 4221 tetrarchia.

147 4259 352 4345 Ergo
405 4258 478 4318 in
521 4252 874 4317 Orientem
916 4245 1264 4331 profectus
1292 4297 1314 4327 ,
1365 4250 1704 4336 rebusque

142 4356 255 4419 ibi
308 4349 659 4418 ordinatis
691 4345 990 4406 Romam
1017 4346 1269 4425 redux,
1324 4348 1484 4409 dum
1504 4345 1704 4410 Clau.

215 4554 1086 4632 „muxxmfflsa
1267 4554 2161 4628 b)Am‚L.m.e.5.§2‚
2322 4556 2675 4628 aum.

1792 1374 1871 1441 C.
1931 1396 2065 1459 797
2101 1423 2121 1453 ‚
2173 1376 2247 1440 P.
2292 1376 2375 1438 X.
2415 1386 2531 1452 44.
2633 1373 2794 1456 (Ios.
2825 1376 2987 1441 Ant.
3024 1376 3105 1439 L.
3131 1377 3314 1442 XIX.

1792 1490 1850 1540 c.
1904 1485 1974 1547 8.
2016 1474 2050 1552 S
2094 1491 2161 1536 2.
2191 1471 2393 1535 Philo
2434 1471 2520 1532 de
2568 1469 2809 1555 Legat.
2852 1470 2945 1532 ad
3001 1469 3307 1555 Caium.)

2395 1663 2711 1729 Numi.-

1897 1856 2101 1943 Caput
2166 1855 2512 1939 Caligulae.
2609 1861 2668 1928 ,Ὦ
2732 1857 3331 1933 ΚΑΙΣΑΡΕΙΛΣ..

1798 1954 2191 2019 ΑΣΤΛΟΤ.
2238 1953 2659 2015 Al’lPll'Il'IA.
2712 1952 3126 2018 ΒΔΣΙΛΕΤ.
3189 1954 3316 2020 Vir

1795 2050 2252 2135 togamstam
2290 2047 2354 2113 d.
2393 2046 2677 2111 chartam
2707 2049 3073 2113 involutam.
3172 2050 3315 2117 AE.

1797 2145 1884 2209 11.
1945 2144 2193 2230 (Vaill.
2230 2143 2432 2207 Num.
2489 2140 2732 2205 Graec.
2774 2164 2843 2228 p.
2904 2140 3049 2225 ιι.)

1891 2242 2252 2306 ΚΛΙΣΑΡ.
2354 2239 2872 2303 ΣΕΒΛΣΤΑΣ.
2974 2238 3058 2304 IE
3125 2279 3146 2294 ·
3214 2278 3237 2294 -
3290 2282 3312 2294 -

1800 2337 2002 2421 Caput
2039 2334 2362 2421 Caligulae
2391 2337 2557 2401 laur.
2608 2340 2666 2409 κ
2712 2337 3315 2409 ΒΑΣΙΛ.ΑΓΡΙΠ-

1797 2436 1954 2499 ΠΛ..
1998 2435 2073 2495 Γ.
2139 2429 2444 2516 Priiuceps
2506 2452 2643 2496 cum
2694 2432 2941 2516 fieptro
3007 2437 3077 2498 ἐκ
3142 2433 3323 2502 uatis

1797 2524 2153 2610 quadrigis.
2208 2527 2350 2602 ΑΕ.
2403 2527 2486 2588 11.
2549 2526 2862 2609 (Frolich
2920 2530 3083 2599 Not.
3120 2530 3363 2599 elem..

1794 2621 1940 2684 tab.
1979 2622 2126 2683 XX.
2169 2638 2237 2684 n.
2294 2639 2403 2687 ιο.
2460 2640 2546 2683 ex
2578 2620 2803 2685 museo
2855 2621 3315 2710 Savorgnan.)
3394 2704 3407 2709 ,

1764 2782 1774 2790 ,
1891 2718 2188 2781 Numum
2228 2718 2524 2801 priorem
2587 2715 2997 2783 Vaillantius
3043 2732 3111 2784 et
3150 2721 3206 2783 F
3208 2725 3315 2786 rii·

1791 2813 2035 2878 lichius
2092 2813 2465 2877 Caesareae
2530 2809 2951 2877 Palaestinae
2988 2813 3317 2899 lignatum

1798 2910 2150 2987 adserunt,
2231 2909 2343 2971 sed
2399 2928 2807 2996 perperam,
2868 2922 2942 2973 ut
3007 2913 3315 2992 videtur,
3392 2923 3395 2930 '

1797 3027 1882 3069 ex
1911 3006 2090 3068 binis
2122 3003 2373 3083 causis,
2424 3006 2476 3068 1.
2521 3006 2704 3089 quod
2755 3005 3134 3090 imperante
3185 3008 3312 3074 Ca-

1791 3100 2004 3186 ligula
2028 3148 2049 3178 ,
2079 3104 2287 3181 ‘cujus
2319 3113 2528 3187 caput
2565 3103 2794 3164 antica
2828 3102 3142 3182 exhibet,
3193 3105 3312 3169 Sa.

1796 3198 2060 3261 maritis
2086 3244 2106 3274 ‚
2156 3199 2225 3259 in
2276 3215 2415 3282 qua
2448 3196 2571 3260 fita
2620 3195 2957 3262 Caesarea
2998 3200 3311 3278 Palaestif

1795 3313 1923 3356 nae
1956 3340 1976 3370 ‚
2040 3293 2389 3379 Agrippae
2444 3295 2742 3357 nondum
2812 3294 3043 3378 paruit
3077 3345 3097 3375 ,
3179 3301 3318 3381 ejus
3440 3363 3447 3370 ,

1794 3389 2040 3452 ditioni
2079 3389 2285 3451 serius
2322 3386 2593 3453 Claudii
2635 3389 2967 3454 beneficio
3005 3394 3323 3475 adjecta,

1793 3496 1871 3548 ut
1902 3483 2141 3547 diserte
2175 3483 2388 3547 tradit
2425 3483 2766 3570 Iosephus.
2818 3474 2879 3564 1’)
2970 3488 3066 3551 11.
3120 3491 3311 3571 quod

1797 3579 2127 3652 Caesarea
2178 3577 2612 3644 Palaestinae
2658 3600 3001 3667 nunquam
3052 3584 3179 3647 sese
3243 3588 3313 3649 in

1792 3675 2014 3740 numis
2049 3676 2281 3762 asylum
2322 3674 2515 3743 dixit.
2616 3678 2765 3740 Erit
2796 3699 2956 3766 ergo
2992 3680 3319 3768 Caefhreae

1792 3770 2071 3860 Sebaste:
2103 3818 2125 3848 ‚
2179 3792 2353 3857 quae
2396 3785 2463 3835 et
2506 3774 2757 3839 Panias
2795 3774 2981 3841 dieta
3012 3823 3032 3855 ‚
3088 3780 3319 3844 condi·

1795 3881 1867 3933 ta
1904 3888 1948 3931 a
1987 3866 2309 3954 Philippo
2355 3871 2700 3934 tetrarcha
2730 3872 3079 3958 Agrippae
3114 3872 3317 3940 nostri

1792 3975 2085 4050 patruo,
2136 3964 2322 4046 cujus
2356 3964 2684 4028 ditionem
2722 3985 2766 4028 a
2828 3965 3141 4053 Caligula
3178 3971 3309 4053 pri-

1793 4060 2208 4144 mo-imperii
2252 4057 2348 4122 sui
2384 4078 2561 4124 anno
2599 4061 2945 4146 Agrippae
2977 4066 3168 4148 regio
3193 4086 3314 4129 no·

1795 4155 1974 4220 mine
2017 4155 2405 4241 permissam
2469 4139 2651 4219 iden‘i
2694 4156 3013 4242 Iosephus
3073 4174 3318 4226 auctor

1795 4249 1921 4327 est,
1975 4251 2030 4332 ⁰)
2086 4264 2153 4315 et
2201 4271 2375 4334 quae
2415 4251 2815 4317 docentibus
2865 4255 3083 4317 numis
3154 4258 3309 4322 aliis

1797 4346 2171 4411 constanter
2204 4347 2331 4411 sese
2371 4350 2545 4412 dixit
2576 4351 2839 4437 asylum.
