4125 5500
1113 496 1757 655 sEhEvcls
1808 632 1835 669 ,

325 784 399 845 In
429 782 536 846 his
584 782 832 867 prioris
878 783 1013 846 loci
1068 785 1290 846 numis
1348 799 1745 847 nomenar-

1932 567 2409 653 PJERIA'.
3218 603 3351 668 273

1926 780 2461 866 Monogramma
2505 779 2613 842 his
2680 780 2898 841 numis
2964 778 3348 865 inscriptum

231 883 332 949 bis
382 879 790 944 Antiochiae
826 897 959 942 non
999 881 1341 942 indicatur
1370 925 1392 959 ‚
1465 881 1590 944 etse
1630 896 1741 944 ta·
1832 876 2025 939 varie
2062 877 2501 961 explicatum.
2607 874 3146 940 Liberalissimus
3201 878 3354 941 Bal-

224 998 379 1041 men
441 974 847 1039 Antiochiae
884 1022 904 1051 ‚
984 987 1240 1039 certum
1294 973 1381 1038 est
1450 979 1748 1063 primum

229 1095 313 1138 ex
352 1085 556 1159 type,
588 1072 723 1154 qui
742 1070 1019 1147 exhibet
1048 1074 1320 1155 genium
1347 1073 1746 1138 muliebrem

223 1167 631 1235 Antiochiae
680 1166 1073 1233 inficientem
1111 1170 1325 1253 rupi,
1356 1189 1523 1255 prae
1557 1172 1759 1233 ctrina

225 1264 514 1354 pedibus
563 1266 845 1349 emergit
881 1261 1129 1351 fluvius
1175 1265 1492 1343 Orontes,
1547 1287 1748 1350 quem

220 1379 465 1451 typum
510 1361 682 1426 alias
737 1380 1007 1446 quoque
1039 1366 1111 1427 in
1155 1362 1355 1425 certis
1397 1363 1748 1427 Antiochi-

223 1482 305 1527 ae
364 1460 587 1522 numis
627 1457 1037 1537 videbimu3‚
1068 1459 1310 1522 deinde
1347 1460 1533 1544 quod
1555 1480 1747 1545 prae·

226 1559 503 1643 cipuu'm
539 1555 665 1634 est,
721 1576 809 1619 ex
857 1576 1065 1619 numo
1133 1555 1445 1639 sequente
1524 1568 1754 1619 cetera

224 1653 473 1731 limiti,
526 1664 594 1716 et
638 1653 750 1738 qui
788 1664 1147 1737 praeterea
1196 1671 1444 1717 nomen
1501 1653 1755 1716 ANTI-

224 1752 560 1817 ΟΧΕΩΝ.
598 1749 814 1813 addit.
916 1748 1225 1815 Eximius
1250 1747 1359 1811 hic
1396 1769 1636 1818 numus
1670 1762 1757 1813 eo

223 1850 440 1912 etiam
476 1844 802 1931 praestat,
856 1847 1044 1930 quod
1078 1864 1235 1909 raro
1274 1846 1344 1908 in
1382 1846 1603 1909 numia
1641 1856 1755 1909 ex-

216 1943 457 2030 emplo
485 1943 773 2027 duplicis
793 1942 1100 2026 epochae
1137 1960 1350 2006 annos
1369 1947 1491 2009 ςΛ.
1519 1955 1586 2004 et
1609 1944 1755 2008 AN.

219 2045 341 2126 36.
393 2051 460 2102 et
487 2052 602 2124 54.
648 2038 918 2102 offerat.
1020 2039 1165 2102 Iam
1199 2058 1366 2103 vero
1406 2040 1759 2123 utriusque

220 2138 397 2202 anni
438 2134 664 2200 fontes
699 2136 1089 2221 indagandi.
1191 2137 1371 2206 Inter
1416 2155 1628 2199 annos
1662 2136 1756 2216 36

224 2248 294 2298 et
344 2246 469 2319 54,
527 2233 960 2296 intervallum
998 2229 1085 2294 est
1129 2248 1461 2297 annorum
1504 2245 1612 2306 18.
1666 2232 1761 2294 Hi

226 2351 402 2415 ergo
437 2332 593 2393 anni
655 2331 745 2393 ad
793 2328 1093 2414 epochas
1150 2331 1528 2415 pertinent,
1583 2348 1760 2412 quae

224 2428 525 2490 totidem
567 2428 742 2490 inter
788 2426 850 2487 se
892 2424 1084 2487 annis
1119 2424 1382 2489 distant.
1482 2425 1591 2487 Ex
1647 2445 1759 2486 co-

215 2523 436 2608 gnitis
532 2522 949 2586 Antiochiae
1036 2522 1325 2607 epochis
1427 2519 1762 2583 habemus

138 2640 143 2645 ’
224 2619 725 2683 Caesarianam
770 2630 838 2680 et
872 2619 1231 2680 Actiacam
1312 2618 1445 2680 hac
1531 2615 1766 2678 indole

218 2716 593 2802 praeditas
616 2760 636 2790 ‚
690 2732 977 2795 quarum
1012 2713 1133 2777 illa
1181 2713 1449 2777 ducitur
1497 2711 1586 2775 ab
1649 2729 1762 2772 au·

216 2828 479 2876 tumno
523 2814 607 2874 V.
674 2809 752 2875 C.
798 2827 979 2889 705,
1022 2808 1218 2877 ,haec
1272 2808 1362 2871 ab
1437 2820 1764 2873 autumno

216 2913 318 2970 V.
366 2905 447 2968 C.
496 2923 672 2989 723,
724 2902 1075 2968 manifesto
1135 2924 1465 2968 annorum
1520 2915 1600 2976 ιε
1660 2904 1765 2984 in-

213 3001 564 3066 tervallo.
714 3001 897 3086 Ergo
974 3013 1230 3063 certum
1300 2999 1387 3063 est
1421 3048 1439 3080 ,
1512 3019 1765 3064 annum

210 3099 620 3165 auctiorem
663 3100 802 3162 AN.
866 3096 990 3158 ess'e
1031 3094 1415 3161 vetustioris
1463 3096 1765 3161 Caesari·

209 3214 462 3271 anae,
513 3196 945 3257 minutiorem
994 3198 1088 3259 §A
1139 3195 1533 3258 recentioris
1579 3192 1763 3254 Acti-

210 3310 437 3357 acae.
537 3292 837 3375 Vterque
888 3309 1202 3353 numerus
1272 3289 1609 3378 conspirat
1694 3289 1765 3350 in

214 3406 495 3452 annum
535 3388 619 3450 V.
663 3385 741 3451 C.
776 3400 954 3472 758,
1007 3399 1051 3447 a
1085 3389 1270 3469 cujus
1306 3401 1632 3451 autumno
1659 3404 1765 3446 us-

196 3505 364 3571 que
428 3485 518 3547 ad
564 3497 968 3548 autumnum
1027 3483 1189 3544 anni
1253 3482 1588 3565 sequentis
1653 3482 1767 3543 hic

212 3601 493 3646 numus
512 3577 999 3643 cusu3.1stud
1023 3580 1229 3641 etiam
1255 3579 1611 3663 praeclare
1647 3578 1766 3639 do·

209 3690 339 3742 cet
368 3678 706 3739 eximium
743 3676 881 3739 hoc
923 3675 1313 3755 cimelium,
1368 3695 1599 3739 aeram
1637 3675 1768 3736 Ac·

212 3776 507 3840 uanam
559 3772 999 3836 Antiochenis
1041 3791 1282 3836 revera
1321 3772 1410 3836 ab
1463 3790 1642 3835 anno
1686 3772 1768 3835 V.

210 3868 301 3934 C.
374 3858 524 3952 7‘23
587 3869 902 3947 ductam,
968 3887 1130 3931 narn
1196 3868 1241 3930 fi
1304 3869 1394 3933 ab
1448 3887 1627 3932 anno
1677 3867 1768 3930 se·

212 3977 497 4053 quente
557 3966 947 4042 duceretur,
1007 3985 1147 4029 non
1204 3977 1633 4030 concurreret
1679 3964 1770 4027 ad

210 4080 506 4128 annum
546 4063 631 4124 V.
676 4061 752 4126 C.
801 4074 961 4146 758.
1014 4082 1167 4126 cum
1204 4081 1380 4126 anno
1415 4064 1531 4127 AN
1567 4080 1771 4124 aerae

210 4156 745 4234 Caesarianae,
837 4161 1027 4240 cujus
1075 4160 1431 4222 exordium
1507 4158 1597 4220 ad
1656 4177 1770 4220 au-

207 4268 557 4319 tumnum
610 4258 693 4320 V.
756 4253 831 4318 C.
897 4273 1054 4340 705.
1090 4255 1343 4317 invicte
1378 4252 1646 4340 figitur,
1699 4265 1775 4316 ut

180 4349 433 4414 'infra
488 4351 773 4415 dicetur.

288 4562 360 4626 a)
416 4553 498 4611 ad
542 4559 715 4619 Vaill
752 4560 823 4615 T.
854 4559 929 4613 11.
969 4577 1026 4633 p·
1057 4562 1147 4630 36.
1216 4557 1274 4627 b)
1316 4557 1455 4613 Mel.
1486 4559 1534 4620 1.
1566 4576 1624 4630 p
1669 4562 1785 4627 176.

331 4631 547 4720 (Vol.
584 4633 764 4719 ΙΙΙ.)
1152 4671 1174 4688 =

1835 974 2033 1035 dinus
2065 975 2200 1037 tria
2230 972 2352 1036 illo
2384 972 2712 1061 designari
2750 975 3007 1051 docuit,
3058 975 3350 1057 primum

1836 1068 2337 1148 ANTioclziam‚
2388 1069 2750 1135 secundum
2808 1072 3309 1136 ArTonomiam
3338 1119 3355 1147 ‚

1835 1166 2109 1229 tertium
2151 1168 2559 1252 ATI'qstam,
2613 1165 2960 1252 quasthoc
2983 1186 3235 1230 nomen
3263 1170 3359 1230 in·

1837 1263 2052 1327 ditum
2106 1260 2330 1327 fuiss'et
2401 1264 2576 1338 urbi,
2651 1261 2715 1345 ει)
2840 1262 3090 1327 Habile
3161 1264 3366 1348 igitur

1835 1355 2002 1422 istud
2041 1376 2562 1446 monogramma
2593 1359 2796 1425 instar
2841 1361 3075 1424 Protei
3127 1378 3362 1425 omnes
3450 1392 3466 1409 s

1836 1452 2099 1519 formas
2144 1457 2419 1540 accipit,
2474 1477 2626 1521 cum
2659 1458 2938 1544 perinde
2973 1457 3106 1541 legi
3145 1459 3362 1543 patia-

1839 1564 1947 1614 tur
1976 1554 2195 1618 ANT.
2241 1565 2308 1614 et
2333 1554 2546 1618 ΑΤΤ.
2584 1567 2651 1618 et
2692 1557 2888 1620 Α’ΥΓ.
2988 1555 3188 1618 Modi
3231 1556 3366 1640 pri·

1840 1667 1990 1711 mus
2027 1669 2111 1713 ac
2170 1651 2407 1714 tertius
2471 1650 2742 1717 absurdi
2800 1653 2954 1715 sane
3025 1649 3189 1714 sunt.
3296 1652 3368 1713 In

1840 1742 2323 1828 significatione
2362 1748 2842 1814 ATTommiae
2892 1746 3199 1833 plerique
3260 1768 3368 1810 ac·
3427 1796 3436 1803 .

1842 1841 2206 1923 quievere,
2258 1858 2466 1929 atque
2535 1846 2673 1931 ipse
2741 1846 2948 1908 etiam
3011 1843 3370 1908 Peflerinh
3427 1908 3430 1911 ,

1843 1926 2055 2019 narb)
2112 1943 2349 2025 quod'
2330 1963 2398 2005 m
2443 1942 2575 2005 hoc
2625 1955 2826 2006 tanto
2855 1941 3078 2025 magis
3097 1941 3369 2019 mirum,

1845 2054 1996 2100 cum
2043 2038 2183 2122 ipse
2234 2058 2510 2102 numum
2555 2038 2860 2125 Philippi
2912 2036 3154 2120 Syriae
3194 2038 3373 2124 regis

1843 2133 2253 2197 Antiochiae
2305 2133 2627 2219 signatum
2685 2134 3091 2221 produxerit
3131 2136 3376 2198 eodem

1844 2244 2431 2315 monogrammate
2470 2243 2804 2309 notatum,
2831 2229 2890 2314 θ)
2944 2248 3097 2293 cum
3143 2238 3373 2293 tamen

1846 2325 2096 2389 constet
2121 2376 2141 2406 ‚
2193 2328 2718 2392 Antiochiam-a
2752 2329 3084 2415 Pompejo
3125 2327 3224 2392 M.
3262 2328 3372 2390 de-

1844 2443 2033 2485 mum
2102 2428 2573 2487 autonomiam
2629 2423 2978 2489 abstulisse.
3082 2423 3371 2513 Magna·

1847 2537 1972 2580 nus
2028 2521 2360 2581 creditum
2395 2518 2560 2582 istud
2599 2522 2815 2585 ATT.
2842 2520 3189 2604 conjunxit
3225 2539 3392 2582 cum.

1851 2634 2029 2678 anno
2079 2619 2216 2676 AN.
2246 2661 2265 2690 ‚
2322 2628 2388 2676 et
2435 2616 2848 2699 explicavit·
2901 2636 3065 2683 anno
3103 2625 3404 2679 autom--

1848 2714 2015 2776 miae
2031 2709 2145 2796 seu
2203 2710 2570 2796 Caesariano
2640 2712 3034 2801 qumquagef
3015 2731 3132 2775 mo
3181 2731 3381 2796 quar-

1849 2820 1934 2872 to.
1965 2800 2028 2888 d)
2098 2810 2352 2870 Verum
2391 2828 2552 2871 aera
2590 2806 2998 2870 Caesariana
3035 2825 3384 2889 nunquam

1849 2906 2063 2968 dicta
2093 2901 2225 2966 fuit
2262 2924 2426 2966 aera
2466 2905 2929 2966 autonomiae.
3032 2907 3124 2965 At
3160 2923 3379 2983 neque

1847 3000 2252 3085 persuadere
2301 3001 2467 3062 mihi
2505 3000 2802 3086 possum,
2855 3000 3118 3063 litteras
3162 2997 3378 3061 ΑὙῚ.

1845 3097 1967 3159 illo
2053 3108 2641 3182 monogrammate
2740 3098 3068 3159 contineri
3109 3119 3128 3169 3
3194 3096 3379 3178 quod

1849 3194 2023 3256 enim
2086 3194 2250 3256 viris
2305 3195 2588 3256 eruditis
2635 3194 2759 3257 AT
2809 3193 3116 3270 videtur,
3166 3192 3379 3254 mani-

1846 3287 2084 3352 festum
2117 3287 2208 3352 est
2245 3295 2381 3354 Ax.
2406 3337 2426 3368 ,
2481 3291 2666 3375 quod
2718 3290 2960 3351 eadem
2996 3287 3229 3352 forma
3267 3307 3376 3350 oc-

1851 3387 2057 3449 currit
2111 3387 2180 3449 in
2235 3386 2461 3452 obviis
2516 3385 2956 3448 Achaeorum
3022 3384 3380 3470 argenteis,

1848 3481 2186 3560 Praestat,
2261 3484 2330 3546 in
2380 3482 2772 3567 indagando
2835 3499 3380 3566 monogramma-

1851 3589 1997 3640 tum
2035 3578 2216 3642 sensu
2256 3580 2474 3643 minus
2521 3578 2645 3641 ess‘e
2690 3576 3048 3641 curiosum.

1948 3677 2040 3738 At
2077 3674 2683 3741 commemoranda
2735 3674 2942 3738 etiam
2986 3675 3271 3739 admiss‘a
3317 3677 3384 3738 in

1851 3773 2218 3837 recitandis
2255 3772 2363 3835 his
2391 3774 2614 3836 numia
2668 3783 2999 3858 peccata,
3053 3783 3267 3857 “quae
3313 3774 3384 3836 in

1851 3868 1958 3932 his
1985 3880 2183 3932 tanto
2215 3868 2359 3932 sunt
2393 3869 2614 3932 minus
2652 3866 3164 3946 dissimulanda,
3194 3871 3382 3953 quod
3495 3868 3500 3874 ’

1851 3963 2134 4028 illustria
2168 3964 2309 4028 sunt
2341 3962 2850 4028 tetradrachma
2871 4010 2891 4042 ,
2944 3976 3014 4028 et
3043 3965 3227 4028 male
3265 3968 3377 4029 de-

1854 4060 2102 4145 scripta
2130 4058 2474 4123 historiam
2520 4072 2587 4122 et
2622 4058 3160 4144 chronologiam,
3192 4061 3377 4143 quod

1857 4168 1925 4228 et
1962 4154 2266 4232 factum,
2319 4156 2724 4240 impediunt

1953 4253 2189 4315 Edidit
2229 4252 2584 4316 Moressius
2619 4265 2895 4313 numum
2949 4248 3226 4326 similem
3276 4253 3380 4316 in-

1857 4347 2172 4435 scriptum
2226 4350 2565 4413 ΕΤΟΎΣ.
2629 4348 2750 4415 GK.
2814 4349 3126 4414 ΝῙΚΗΣ,
3166 4350 3381 4417 Tru.

1852 4559 1901 4624 c)
1938 4556 2070 4610 Rois
2101 4557 2216 4612 tab.
2248 4558 2411 4612 xm.
2483 4555 2542 4630 d)
2579 4555 2766 4620 Psubl.
2751 4556 2881 4699 dlvi-1
2876 4576 3027 4613 anno
3045 4558 3174 4622 Chr
3188 4578 3245 4633 p.
3233 4563 3388 4638 ,363.

2931 4658 3002 4702 m
