4125 5500
705 564 710 573 ‘
728 567 874 633 3¹⁰⁰

733 741 791 809 Ι.
829 739 1116 804 Caesare
1152 738 1462 822 adjectiS‚
1502 751 1571 801 et
1601 758 1892 823 quorum
1939 757 2265 824 generum

732 837 990 924 singula
1049 847 1241 900 erant
1307 854 1501 899 muro
1562 837 1918 919 interjecto
1996 834 2263 912 divisa,

732 932 987 1020 lingula
1036 931 1337 1019 propriis
1381 926 1512 996 suis
1574 934 1799 999 numia
1851 931 2259 1009 utebantur,

730 1032 990 1117 egimus
1025 1030 1098 1095 in
1157 1032 1300 1112 ejus
1349 1028 1540 1092 urbis
1610 1041 1914 1095 moneta.
2078 1028 2259 1114 Ergo

607 1195 612 1201 ,
727 1124 901 1193 haec
937 1125 1488 1207 tetradrachma,
1560 1138 1706 1189 tum
1746 1137 1815 1188 et
1868 1125 2121 1203 aenei,
2170 1126 2260 1188 de

729 1223 975 1311 quibua
1013 1243 1228 1301 mox
1302 1219 1581 1287 fuerunt
1620 1219 2076 1303 Antiochiae,
2146 1219 2261 1285 sed

729 1321 954 1399 urbia,
1005 1338 1144 1412 ιιοιι
1177 1317 1532 1398 coloniae,
1585 1330 1908 1403 moneta,
1961 1339 2042 1384 ac
2100 1337 2257 1405 pro·

726 1429 970 1504 pterea
1039 1417 1109 1479 in
1174 1411 1449 1485 illorum
1521 1410 1860 1479 nonnullis
1945 1416 2260 1479 additum

724 1509 1814 1580 MON.VRB.ve1ANT10mA
1846 1510 2258 1597 simpliciter,

721 1610 1064 1697 suppresso
1081 1608 1408 1677 coloniae
1443 1610 1760 1686 nomine,
1816 1630 1952 1693 quo
1995 1610 2256 1672 indica-

725 1718 920 1783 rent,
993 1725 1080 1771 ex
1134 1717 1366 1769 vetere
1433 1710 1582 1788 jure
1649 1708 2003 1791 propriam
2074 1705 2261 1791 apud

710 1800 790 1889 ‚se
825 1803 1063 1889 {ignari
1119 1803 1486 1887 pecuniam
1517 1850 1538 1879 ,
1588 1814 1659 1867 et
1696 1801 1970 1893 quidem
1995 1849 2015 1881 ‚
2069 1801 2260 1888 quod

725 1904 967 1991 paucis
1020 1896 1306 1962 urbibus
1359 1898 1797 1975 concessum,
1861 1910 2259 1985 argenteam

730 2014 1049 2082 quoque,
1101 2012 1256 2058 cum
1291 1994 1520 2060 coloni
1565 1993 1751 2061 suam
1798 1996 2040 2058 addito
2093 1994 2256 2057 sem-

715 2114 855 2183 per
887 2094 1108 2160 KOA.
1152 2090 1665 2177 distinguerent,
1717 2103 1788 2154 et
1846 2089 2103 2155 nonnifi
2147 2110 2256 2154 ae-

731 2210 863 2255 nea
896 2210 984 2254 ex
1014 2187 1443 2269 coloniarum
1461 2185 1757 2252 instituto
1791 2200 2160 2251 uterentur.

824 2287 1092 2351 Numoe
1124 2284 1512 2371 Vespasiani
1541 2284 1700 2348 loco
1744 2304 1856 2368 ¹3
1887 2284 2259 2369 descriptos

731 2402 888 2449 cum
919 2381 1191 2446 insolita
1223 2380 1598 2469 epigraphe
1627 2378 1838 2447 COV.
1868 2381 2261 2449 NEPOVA.

733 2480 860 2545 ess'e
903 2479 1410 2559 Antiochenos,
1481 2489 1551 2542 et
1612 2477 2048 2564 perturbatas
2127 2476 2258 2561 has

731 2576 994 2653 litteras
1030 2576 1214 2639 idem
1250 2526 1658 2662 significare,
1709 2575 1900 2660 quod
1926 2575 2257 2643 ETOTC.

728 2675 998 2740 NEOT.
1051 2672 1340 2741 ΙΕΡΟΤ.
1388 2677 1510 2754 A„
1559 2671 1903 2760 colligitur
1968 2691 2056 2735 ex
2139 2691 2257 2734 nu·

731 2772 863 2836 mis
913 2769 1481 2856 praecedentibus
1535 2769 1676 2836 loci
1719 2788 1864 2850 ιιι,
1945 2780 2016 2833 et
2075 2787 2258 2848 coni»

725 2867 1105 2956 probatur
1098 2887 1144 2930 a
1180 2887 1290 2931 me
1329 2868 1602 2932 uberius
1650 2867 1721 2930 in
1757 2866 2038 2950 Sylloge
2070 2863 2129 2932 Ι.
2183 2885 2254 2949 p.

736 2977 853 3048 78.
893 2981 1029 3048 quo
1062 2947 1218 3027 loco
1270 2963 1519 3027 horum
1561 2980 1771 3027 unum
1836 2961 2063 3037 edidi,
2114 2971 2258 3023 tum

711 3073 806 3144 „et
846 3061 918 3123 in
966 3060 1282 3123 doctrina
1313 3058 1397 3121 de
1427 3059 1651 3124 numia
1699 3077 1853 3121 cum
1883 3056 2258 3142 inscriptio-

736 3176 824 3221 ne
856 3159 1008 3220 amu·
1038 3173 1186 3219 nova
1174 3156 1377 3245 sacri
1399 3202 1420 3235 ,
1473 3174 1681 3241 quam
1710 3150 2030 3217 dabimus
2068 3151 2259 3218 volu-

735 3251 923 3316 mine
970 3252 1088 3318 IV.
1137 3293 1156 3314 ι

1493 3347 1523 3383 Ι

1309 3397 1341 3433 ἢ
1672 3396 1706 3431 t

831 3448 1114 3512 Praeter
1165 3445 1414 3510 citatos
1463 3444 1598 3511 hoc
1625 3460 1872 3509 numos
1911 3442 2106 3508 multi
2140 3437 2259 3508 ad·

734 3546 870 3613 huc
916 3545 1038 3611 alii
1092 3541 1352 3609 exstant
1398 3544 1698 3629 argentei
1740 3542 2115 3627 aeneique,
2165 3541 2262 3603 in-

734 3643 962 3728 scripti
1039 3638 1114 3706 hi
1182 3653 1457 3724 quoque
1531 3640 1927 3704 ΔΗΜΛΡΧ.
1988 3638 2103 3705 ΕΞ
2156 3676 2178 3688 -
2230 3676 2265 3692 -

740 3738 1083 3804 TnAT.·
1135 3725 1302 3797 sed
1274 3755 1428 3802 cum
1464 3735 1676 3800 variis
1710 3736 1900 3820 typis
1967 3732 2263 3819 plerum·

741 3852 875 3920 que
907 3827 1326 3914 symbolicis.
1420 3831 1675 3897 Eorum
1705 3832 1929 3914 major
1952 3849 2117 3917 para
2152 3850 2261 3900 ca·

738 3941 867 4016 put
910 3927 1220 4016 Traiani
1237 3927 1539 3997 exhibet.
1639 3929 1719 3993 In
1754 3928 1864 3991 his
1904 3946 2058 3990 cum
2094 3926 2264 3992 nihil

743 4023 855 4106 sit,
928 4026 1120 4112 quod-
1170 4045 1291 4091 eos
1355 4024 1802 4090 Antiochiam
1863 4021 2262 4089 referendos

738 4123 1189 4212 persuadeat,
1239 4122 1454 4189 malui
1481 4123 1574 4188 de
1625 4123 1710 4185 iis
1764 4141 1967 4210 agere
2017 4122 2091 4184 in
2135 4141 2263 4184 nu-

738 4221 870 4287 mia
908 4220 1195 4302 Traiani
1231 4211 1592 4285 commatis
1646 4218 2030 4305 peregrini,
2075 4217 2262 4328 quod

740 4319 828 4381 de
858 4316 1064 4394 urbe,
1113 4335 1296 4400 quae
1354 4334 1474 4380 eos
1517 4311 1868 4380 feriundos
1941 4314 2262 4392 curavit,

740 4431 882 4478 non
926 4413 1083 4475 latis
1112 4409 1385 4496 constet.

816 4619 873 4688 a)
910 4619 1109 4696 suppl,
1147 4615 1250 4676 IV.
1286 4622 1404 4686 tab.
1443 4625 1499 4688 1.
1539 4642 1597 4681 n.
1638 4641 1686 4681 1.

1321 518 1330 529 '
1474 634 1481 640 .
1553 530 2323 623 -SE'LEvcrs,

2422 498 2947 611 FIERIAJ
3164 634 3175 641 ,

2739 732 2795 800 C
2846 736 2909 800 A
2958 735 3015 798 P
3062 736 3127 800 V
3178 735 3243 798 T
3314 678 3318 682 -
3362 732 3487 798 111

2348 927 2452 997 De
2494 931 2703 997 nmis
2751 927 3132 997 Antiochiae
3188 930 3627 1013 mutonis
3685 926 3893 1001 σιμαὶ·

2854 1026 3171 1112 inscriptis
3209 1024 3287 1090 S·
3330 1023 3397 1092 C.

2412 1221 2713 1287 Horum
2778 1219 3120 1297 rationem
3186 1188 3437 1330 paucis
3502 1214 3884 1289 describere

2274 1306 2297 1319 “
2344 1318 2504 1383 satis
2546 1316 2721 1383 esto.

2448 1416 2722 1481 Initium
2771 1434 3015 1502 cepere
3072 1412 3188 1479 sub
3238 1410 3586 1500 Augusto,
3642 1430 3713 1481 et
3791 1348 3883 1483 ab

2348 1510 2482 1589 hoc
2524 1530 2740 1596 usque
2774 1514 2865 1577 ad
2899 1512 3205 1576 Nervam
3243 1507 3333 1572 est
3368 1512 3437 1574 iu
3476 1514 3732 1583 ‚antica
3770 1534 3880 1581 ca·

2348 1621 2477 1695 put
2506 1609 2943 1694 imperatoris
2991 1608 3240 1674 addita
3276 1605 3716 1693 inscriptione
3752 1611 3882 1675 La-

2346 1708 2537 1781 tina;
2585 1706 2656 1770 in
2690 1704 2932 1771 aversa
2970 1702 3060 1768 est
3096 1705 3169 1772 S.
3223 1703 3306 1771 C.
3345 1702 3648 1771 clausum
3684 1727 3877 1775 coro-

2346 1822 2439 1867 na
2467 1801 2707 1868 laurea
2728 1848 2749 1881 ‚
2801 1803 3027 1867 rarius
3085 1801 3204 1866 sub
3236 1798 3541 1886 Augusto
3574 1823 3878 1889 querna,

2346 1902 2536 1985 cujus
2565 1899 2827 1986 generis
2857 1898 3005 1963 sunt
3037 1899 3227 1984 apud
3261 1896 3725 1965 Pellerinium.
3762 1908 3821 1979 ²)

2442 1997 2600 2061 Vna
2638 2015 2799 2060 cum
2837 1996 3145 2079 Trajano
3189 1994 3435 2079 incipit
3493 1999 3743 2083 capitis
3780 2001 3873 2063 in-

2345 2091 2620 2178 scriptio
2650 2089 2963 2171 Graeca,
3017 2103 3087 2155 et
3109 2089 3497 2177 perseverat
3528 2093 3875 2179 deincep&

2347 2189 2618 2253 Tamen
2658 2205 2941 2267 numum
3002 2185 3088 2252 L.
3166 2187 3333 2251 Veri
3378 2206 3527 2250 cum
3598 2192 3879 2276 epigra-

2345 2286 2481 2372 phe
2522 2285 2775 2349 Latina
2810 2285 3064 2370 reperit
3094 2281 3404 2349 Sestiana.

2444 2381 2583 2451 Sub
2612 2378 2847 2447 Nerva
2877 2379 3150 2445 litterae
3194 2379 3584 2445 solitariae’
3563 2399 3638 2444 ιιι
3674 2394 3877 2467 parte

2346 2478 2587 2545 aversa
2638 2496 3042 2563 comparere
3092 2475 3440 2562 incipiunt.
3565 2476 3705 2541 Eas
3751 2479 3875 2543 ess'e

2346 2556 2860 2641 arithmethicae
2929 2573 3216 2637 dubium
3270 2589 3427 2669 ¹uon
3493 2569 3585 2635 est
3612 2621 3634 2652 ‚
3717 2594 3874 2643 nam

2343 2670 2679 2738 habemus
2717 2670 2787 2734 in
2821 2668 2931 2735 hic
2973 2677 3036 2743 ne.
3088 2715 3113 2749 ,
3162 2669 3352 2757 quod
3370 2665 3470 2733 est
3506 2671 3867 2758 episemon,

2344 2770 2510 2853 item
2542 2767 2815 2837 1A.1r.
2889 2778 3022 2832 etc.

2446 2866 2611 2931 Inde
2684 2861 2776 2927 ab
2833 2862 3181 2928 Antonino
3231 2874 3508 2949 praeter
3578 2866 3871 2934 litteram

2346 2961 2724 3027 solitariam
2778 2957 3171 3046 frequenter
3204 2957 3468 3026 inferne
3523 2977 3871 3068 comparet

2349 3057 2611 3146 aquila.

2445 3153 2587 3220 Sub
2638 3152 2736 3220 Μ.
2734 3118 3045 3218 Aurelio
3078 3150 3252 3218 haec
3297 3173 3665 3222 numorum
3715 3155 3866 3223 clas·

2348 3251 2430 3316 fis
2467 3252 2697 3335 coepit
2766 3248 3100 3330 deficere,
3156 3262 3225 3316 et
3286 3250 3546 3320 nonnisi
3604 3256 3869 3318 unicum

2346 3349 2678 3413 hactenus
2722 3343 3113 3412 Commodo
3139 3347 3448 3412 dicatum
3486 3350 3659 3429 vidi,
3683 3371 3878 3435 quem

2348 3463 2567 3531 nuper
2597 3442 2827 3509 museo
2883 3441 3218 3508 Caesareo
3261 3443 3481 3510 intuli.
3614 3447 3874 3514 Tamen

2350 3554 2422 3608 et
2455 3539 2692 3604 Severi
2730 3539 2935 3606 binos
2980 3560 3200 3626 nuper
3258 3542 3513 3627 reperit
3546 3537 3634 3612 el.
3690 3541 3876 3608 Sesti·

2347 3659 2499 3704 nus,
2562 3643 2571 3662 ¹
2603 3636 2987 3702 Liberalius
3021 3636 3303 3704 subinde
3352 3636 3471 3702 sub
3515 3636 3878 3704 Caracalla

2314 3762 2323 3770 ·
2349 3733 2739 3801 renascitur.
2802 3733 2965 3816 Ejus
2992 3733 3271 3799 causam
3298 3733 3729 3801 verisimilem
3762 3757 3873 3824 pe-

2352 3843 2420 3897 te
2456 3854 2543 3897 ex
2574 3832 2777 3897 dictis
2812 3831 3040 3917 capite
3082 3831 3174 3895 ΙΙ.

2450 3929 2614 3993 Inde
2655 3949 2700 3993 a
2750 3925 3122 3994 Caracalla
3153 3924 3546 4015 frequenter
3575 3931 3650 3994 in
3681 3950 3873 3996 aver·

2352 4025 2424 4089 sa
2460 4026 2734 4090 additur
2779 4027 2854 4091 Δ.
2890 4024 2973 4090 Ε.
3014 4027 3103 4090 de
3144 4045 3436 4112 quarum
3472 4017 3659 4092 sensu
3700 4028 3877 4094 litte·

2348 4141 2582 4186 rarum
2622 4119 2880 4208 egimus
2925 4123 3155 4210 capite
3205 4123 3686 4209 praecedente.

2448 4217 2521 4282 Si
2555 4238 2795 4292 verum
2831 4216 2973 4295 est,
3026 4221 3217 4306 quod
3258 4217 3468 4286 refert
3518 4221 3873 4287 Vaillanti·

2353 4332 2469 4393 uc,
2520 4303 2587 4398 b)
2632 4315 2809 4380 haec
2843 4316 3081 4384 classis
3128 4318 3499 4404 porrigitur
3539 4338 3754 4405 usque
3808 4321 3879 4383 in

2351 4412 2717 4499 imperium
2783 4409 3103 4488 Gallieni.
3247 4410 3627 4495 Postremi,
3706 4434 3880 4502 quos

2696 4549 3894 4584 -v———m

1891 4623 1954 4696 b>
1991 4623 2157 4679 Num.
2195 4622 2396 4681 colon.
2431 4626 2490 4680 in
2529 4621 2776 4688 othone,
