4125 5500
746 570 1103 651 RVMI
1200 569 1968 673 PRINCIPVM,
2039 571 2663 661 IVDAEAE.

3132 597 3286 671 49⁷

152 781 272 847 mis
309 749 617 841 scribitur
665 769 1035 839 CAESAR.
1111 770 1331 838 nvn.
1398 777 1473 839 F.
1578 777 1687 840 Sic
1751 793 1943 837 more
1975 774 2263 838 Iudaico
2300 771 2561 837 nullum
2608 770 2974 837 animantis
3032 774 3284 862 lignum

114 890 218 940 ‚et
277 875 345 939 in
425 870 645 933 numis
726 866 1080 935 Faustinae
1138 871 1277 951 jun.
1345 872 1679 937 hahemus
1752 868 2152 954 insculptum
2194 868 2513 943 offerunt,
2566 878 3033 953 etpraeherea
3063 891 3277 937 annos

157 972 348 1038 ΝΕΑ.
380 963 922 1031 ΦΑΤΕΤΕΙΝΑ.
1415 1022 1425 1031 .

246 1060 473 1128 Restat
543 1059 1006 1144 expediendus
1079 1078 1293 1122 annus
1364 1065 1673 1151 epochae

156 1166 301 1236 ΖΠ,
355 1159 542 1239 cujus
619 1166 690 1217 ut
761 1156 1028 1217 initium
1093 1158 1513 1240 reperiatur,
1603 1161 1672 1223 in

154 1270 506 1336 utrumque
550 1251 886 1327 zenodori
936 1251 1296 1317 terminum
1333 1256 1671 1338 inquiren-

155 1355 332 1415 dum.
436 1346 648 1410 Caeso
686 1332 1097 1431 Cleopatrae
1153 1345 1408 1414 insidiis
1459 1351 1674 1434 Lysa.

147 1449 305 1523 nia,
360 1443 475 1527 qui
522 1445 602 1509 V.
664 1440 741 1507 C.
806 1456 948 1521 714
1016 1444 1196 1527 patri
1271 1442 1670 1510 Ptolemaeo

149 1539 470 1607 Mennaei
504 1537 583 1599 F.
633 1537 980 1615 successit,
1028 1536 1385 1606 Chalddss
1434 1553 1670 1605 tetrar-

147 1638 301 1702 chia
338 1634 439 1699 M.
485 1633 769 1697 Antonii
823 1634 1155 1699 beneficio
1202 1639 1425 1702 eidem
1475 1636 1671 1701 cleo.

148 1745 387 1820 patrae
423 1728 733 1813 permissa
779 1726 932 1793 fuit.
1035 1728 1228 1795 Obiit
1267 1733 1452 1797 haec
1526 1734 1669 1797 vio·

148 1832 336 1895 lenta
373 1837 587 1888 morte
609 1827 694 1889 V.
720 1822 797 1888 C.
829 1841 993 1905 724.
1109 1827 1289 1929 Ergo
1313 1841 1471 1893 ante
1491 1828 1671 1892 hune

142 1944 398 1989 annum
434 1920 826 1984 Zenodorus
887 1923 1328 1986 tetrarchiam
1411 1923 1530 1986 fibi
1580 1924 1670 1988 ab

141 2019 536 2085 Octaviano
585 2015 969 2101 permissam
997 2018 1202 2080 ⁴adire
1246 2039 1384 2083 non
1425 2022 1670 2103 potuit.

138 2116 578 2181 Zenodorum
666 2121 1009 2175 mortuum
1095 2114 1392 2176 diximus
1430 2116 1518 2182 V.
1594 2114 1669 2183 C.

141 2224 312 2296 734,
425 2207 699 2272 Certum
741 2207 986 2291 igitur,
1038 2210 1220 2272 intra
1251 2212 1337 2276 X.
1377 2210 1506 2274 hos
1551 2230 1668 2274 an·

137 2328 265 2373 nos
318 2302 657 2368 Zenodoti
710 2321 956 2367 numos
1005 2303 1318 2389 signatos.
1417 2309 1510 2368 At
1548 2308 1669 2369 mi-

132 2406 208 2470 hi
249 2404 475 2487 magis
519 2398 743 2461 adhuc
789 2400 1078 2485 spatium
1112 2400 1280 2465 istud
1315 2414 1668 2465 coarctan-

132 2503 300 2567 dum
331 2499 634 2560 videtur.
737 2495 922 2561 Nam
957 2496 1384 2559 Octavianus
1436 2500 1517 2559 V.
1590 2495 1668 2562 C.

135 2615 277 2680 727
319 2595 541 2658 dictus
573 2589 899 2676 Augustus
931 2591 1257 2675 deinceps
1297 2593 1518 2653 minus
1564 2592 1665 2654 di-

132 2713 262 2782 gne
297 2687 753 2774 novuleaesar
791 2685 1289 2772 appellabatur,
1343 2706 1479 2771 quo
1510 2707 1667 2751 eum

124 2789 420 2855 nomine
456 2786 528 2850 hi
589 2784 777 2846 numi
834 2782 1277 2866 compellant.
1373 2783 1553 2868 Ergo
1621 2783 1666 2845 fi

126 2909 218 2951 ex
262 2885 380 2946 his
415 2879 764 2966 principiis
808 2897 1022 2941 annos
1071 2892 1164 2960 87
1202 2878 1665 2958 revolvamuS,

122 2980 415 3047 nutabit
449 2994 653 3038 aerae
689 2974 1093 3060 principium
1131 2975 1305 3038 inter
1327 2967 1556 3064 *annos
1580 2979 1665 3039 V.

130 3077 201 3145 C.
250 3078 402 3156 637
447 3083 515 3133 et
561 3072 741 3149 6405
807 3069 918 3133 sed
959 3072 1217 3134 incerta
1259 3083 1488 3134 tamen
1522 3075 1663 3156 ejus

127 3168 545 3238 constitutae
595 3166 816 3233 causa.
912 3165 1265 3229 Existimat
1300 3167 1660 3252 BelleyuS,

124 3266 421 3354 regibus
466 3262 705 3344 Syriae
746 3282 829 3324 ea
873 3274 1095 3325 aetate
1135 3265 1308 3325 inter
1347 3263 1407 3325 se
1451 3266 1663 3349 digla.

125 3359 497 3429 diantibus
537 3357 1008 3421 Chalcidenses
1047 3358 1313 3422 excuss'o
1335 3358 1661 3442 Syrorum

117 3463 294 3546 jugo
334 3455 805 3519 autonomiam
847 3452 961 3516 fibi
998 3455 1377 3540 impetrass'e
1402 3501 1422 3530 ‚
1475 3458 1659 3519 etin-

121 3559 212 3619 de
248 3571 481 3619 annos
529 3562 924 3634 computare
993 3551 1319 3636 coepisse,
1389 3552 1492 3613 cui
1548 3553 1659 3615 de-

117 3652 290 3715 inde
371 3644 668 3726 instituto
721 3645 847 3708 sese
919 3666 1189 3733 quoque
1261 3648 1660 3713 zenodorus

119 3743 808 3813 adcommodaverit.

538 3931 1026 4000 CLASSIS
1126 3936 1275 4003 III.

154 4132 382 4203 Numi
431 4126 681 4194 Iudaici
737 4126 1165 4213 Augustorum
1205 4128 1452 4192 nomine
1474 4129 1609 4218 cust.

205 4327 515 4396 Exstant
563 4321 750 4385 numi
827 4318 1025 4382 aenei
1067 4319 1306 4406 'parvi
1361 4319 1518 4382 inde
1569 4318 1662 4381 ab

97 4449 315 4528 Augu
329 4424 435 4488 sto
469 4440 680 4505 usque
712 4419 781 4479 in
813 4414 1103 4478 Neronis
1145 4436 1391 4480 aevum
1413 4461 1433 4493 ‚
1489 4433 1666 4497 quos

103 4562 122 4576 ·
224 4523 513 4588 Iudaea
563 4513 850 4601 signatos
876 4515 1020 4594 iure
1059 4510 1398 4579 censemus
1426 4556 1451 4591 ,
1499 4510 1663 4596 quia

99 4581 174 4624 ¹¹¹
201 4619 426 4710 (Vol.
478 4611 664 4694 111.)

1667 974 1674 983 ’
1751 965 2154 1049 imperantis
2198 962 2569 1050 principis,
2625 965 2813 1048 quod
2874 965 3083 1029 etiam
3116 966 3276 1033 huic

1752 1061 2001 1123 tractui
2066 1062 2419 1145 proprium
2458 1106 2476 1136 ‚
2548 1060 2933 1125 inscribunt.
3056 1060 3284 1127 Lubet

1754 1174 1917 1234 eos,
1989 1167 2062 1219 ut
2123 1155 2239 1220 fibi
2297 1154 2700 1233 success'ere,
2742 1156 3011 1242 -paucis
3083 1176 3311 1230 enan,

1749 1264 1932 1326 rare.
2498 1262 2511 1271 “

1753 1443 2107 1530 Augustus.

1847 1537 2315 1605 KAICAPOC.
2358 1537 2573 1623 spica.
2614 1544 2682 1613 <x
2731 1537 2808 1601 L.
2842 1542 2923 1602 A.
2958 1541 3105 1604 Ar.
3139 1536 3278 1605 ΛΕ.

1754 1637 1910 1700 ΛΘ.
1962 1635 2052 1696 Μ.
2099 1637 2255 1699 ΜΔ.
2298 1635 2549 1701 Palma.
2651 1636 2795 1702 ΛΕ.
2854 1634 2984 1699 ΗΙ.
3089 1634 3285 1713 (Mus.

1756 1728 1941 1793 Caes.
1987 1731 2256 1795 Motelli
2288 1733 2531 1817 impp.)
2680 1752 2683 1757 ·

1851 1827 2034 1889 Anni
2100 1827 2402 1912 inscripti
2472 1826 2623 1891 sunt
2695 1828 2855 1891 anni
2926 1826 3278 1892 Victoriae

1752 1922 2088 1985 Actiacae
2120 1923 2208 1986 V.
2258 1919 2334 1986 C.
2382 1940 2547 2005 723.
3243 1926 3254 1949 ⁸

2493 2017 2525 2049 Q

2314 2066 2346 2100 fl
2671 2066 2704 2101 D

1761 2110 2052 2177 Tiberius
2092 2123 2151 2179 et
2194 2114 2371 2179 Iulia
2412 2098 2643 2182 mater.

1859 2211 2162 2274 ΙΟΤΛῙΔ
2209 2213 2385 2275 intra
2426 2228 2745 2276 caronam.
2802 2216 2868 2286 x
2915 2210 2997 2277 1...
3038 2208 3114 2275 Γ.
3164 2210 3284 2274 vel

1752 2304 1831 2368 L.
1870 2323 1924 2371 ς.
1978 2305 2229 2371 lilium.
2281 2307 2427 2374 ΔΕ.
2457 2306 2582 2373 111.
2625 2304 2955 2390 (Pelle-rin
2987 2308 3149 2370 Rec.
3193 2306 3278 2373 n.

1752 2421 1821 2483 p.
1882 2414 2050 2478 241.
2098 2403 2379 2467 Morefli
2410 2423 2595 2468 mim.
2652 2403 2904 2469 Liviae
2958 2402 3098 2468 tab.
3158 2401 3283 2466 m.

1753 2515 1817 2556 n.
1855 2492 2008 2577 36.)
3180 2531 3191 2536 ·

1850 2592 2160 2656 ΙΟΤΛΙΛ
2188 2592 2371 2656 imno
2388 2611 2713 2656 toro-um.
2764 2598 2823 2666 κ
2872 2594 2955 2656 L.
2994 2596 3075 2657 B.
3122 2590 3280 2661 Pat-

1751 2708 1887 2754 rue
1916 2708 2157 2766 ramus.
2254 2689 2401 2755 ΑΕ.
2450 2688 2571 2754 111.
2610 2689 2892 2775 (Panel
2928 2689 3016 2751 de
3072 2698 3281 2754 numo

1753 2788 2039 2849 Tarrac.
2092 2785 2233 2849 tab.
2287 2783 2451 2868 111.)
2618 2849 2631 2868 ,
3090 2825 3095 2836 ,
3228 2847 3237 2854 .

1855 2881 2290 2947 ΤῙΒΕΡΙΟὙ.
2333 2879 2794 2946 KAICAPOC.
2824 2888 2833 2895 ‘
2858 2877 2978 2945 CC.
3019 2878 3281 2963 Simpu-

1756 2978 1899 3042 lum.
1950 2984 2008 3050 χ
2060 2980 2397 3052 ΙΟΤΛΙᾼ.
2443 2975 2565 3044 (ΣΕ.
2604 2974 2855 3052 Lillum.
2953 2974 3095 3037 ΑΕ.
3148 2975 3275 3042 ΙΙΙ.

1759 3076 1861 3159 (in
1915 3073 2084 3135 meis
2118 3073 2321 3138 Num.
2362 3085 2477 3137 vet
2508 3092 2577 3156 p.
2625 3067 2823 3151 288.)
3236 3065 3283 3080 ⁵
3330 3123 3341 3136 .

1852 3169 2249 3232 Pellerinins
2308 3164 2653 3232 vocabulo
2706 3169 3016 3233 ῙΟΤΛΙΛ
3087 3166 3276 3229 numi

1752 3265 1850 3329 sui
1897 3264 2189 3351 putabat
2223 3265 2516 3327 indicari
2555 3261 2888 3326 Iuliadem
2920 3261 3277 3327 Galilaeae

1755 3361 2032 3437 urbem,
2089 3379 2373 3444 eumque
2414 3361 2485 3422 in
2527 3358 2660 3421 hac
2710 3359 2977 3436 cusum,
3059 3378 3276 3443 qnan-

1751 3476 1961 3540 quam
1999 3476 2137 3518 non
2179 3455 2549 3518 abhorreat
2584 3453 2677 3517 ab
2722 3473 2960 3516 eorum
3022 3454 3278 3517 senten-

1750 3555 1854 3616 tia
1877 3600 1897 3630 ‚
1951 3554 2069 3635 qui
2098 3550 2219 3613 illo
2262 3550 2506 3614 Iuliam
2545 3547 2819 3635 Augusti
2840 3547 3053 3612 filiam
3083 3548 3301 3611 intel··

1749 3649 2096 3735 figendam
2164 3646 2534 3712 credidere.
2682 3647 2884 3709 Prior
2948 3643 3277 3708 sententia

1749 3758 1932 3807 certe
1962 3742 2144 3806 fallit
2183 3743 2467 3806 docente
2510 3762 2721 3807 numo
2772 3742 2946 3820 111„
3012 3741 3092 3805 ia
3136 3759 3275 3825 que

1750 3860 1996 3904 vocem
2042 3840 2356 3904 ῙΟΤΛΙΛ
2405 3841 2662 3925 excipit
2712 3839 2991 3920 (ΞΕΕαςη.
3087 3838 3272 3902 Alte-

1747 3957 1894 4001 ram
1981 3938 2437 4015 conjecturam
2520 3938 2764 4000 evertit
2834 3955 2971 3998 non
3030 3935 3276 3998 eadem

1754 4031 1965 4094 modo
2010 4032 2253 4106 causa,
2328 4052 2486 4093 nam
2568 4031 2743 4098 Iulia
2784 4028 3059 4115 Augusti
3130 4027 3278 4092 filia

1748 4147 2096 4210 nunquam
2141 4125 2472 4212 Augustae
2516 4146 2762 4190 nomen
2796 4121 2998 4207 tulit‘,
3049 4121 3164 4187 sed
3206 4145 3278 4186 e-

1746 4225 1917 4287 tiam
1956 4224 2252 4307 inscripti
2303 4224 2461 4286 anni
2514 4226 2586 4300 B,
2641 4224 2727 4298 Γ,
2784 4221 2940 4304 qui,
2998 4241 3150 4284 cum
3202 4222 3275 4284 in

1747 4318 1880 4382 hac
1937 4319 2263 4383 sententia
2329 4319 2620 4382 ducendi
2688 4317 2917 4381 forent
2967 4319 3055 4381 ab
3106 4335 3275 4382 aera

1745 4416 2033 4479 Actiaca
2059 4463 2080 4493 ‚
2117 4414 2609 4501 respondebunt
2649 4414 2844 4477 annis
2877 4412 3055 4482 V.C.
3106 4424 3279 4495 724,

1751 4529 1837 4591 72
1841 4528 1889 4597 5
1913 4558 1934 4593 ‚
1986 4531 2124 4596 quo
2168 4523 2476 4597 tempore
2512 4511 2688 4575 Iulia
2727 4513 2959 4597 puella
2992 4510 3122 4578 fuit
3149 4528 3276 4574 no·

2644 4608 2708 4670 R
2754 4627 2789 4670 r
2836 4630 2870 4671 r
