4125 5500
788 600 920 675 276
1656 584 2316 665 SELEVCIS
2367 646 2390 681 ,

780 808 984 861 mum,
1035 780 1210 866 infra
1238 782 1477 868 fluvius
1508 803 1863 868 emergens,
1919 807 2127 852 annus
2153 789 2296 852 EA.

780 883 924 946 AE.
956 880 1045 943 11.
1150 878 1493 963 (Pellerin
1518 927 1539 955 ‚
1608 881 1913 959 fimiter,
1981 885 2190 950 vam.
2227 888 2298 948 in

781 974 951 1045 fam.
994 972 1347 1056 Volufia.)

877 1169 953 1233 C.
1008 1170 1310 1234 Sentium
1354 1169 1787 1233 Saturninum
1824 1171 2063 1257 Syriae
2101 1195 2298 1259 prae·

746 1268 983 1333 .sidem
1024 1288 1109 1329 ex
1148 1265 1432 1351 Iosepho
1474 1265 1845 1346 habemus,
1897 1270 2005 1332 cui
2050 1272 2301 1334 deinde

776 1364 1084 1428 successit
1131 1365 1396 1438 VaruS,
1466 1376 1543 1426 ut
1600 1364 1667 1425 in
1734 1367 2298 1448 praecedentibus

780 1462 1101 1525 diximus,
1202 1459 1336 1523 Sed
1386 1462 1474 1522 ad
1528 1460 1705 1522 hunc
1747 1460 2179 1525 Saturninum
2227 1463 2300 1526 hi

776 1559 965 1620 numi
998 1556 1332 1641 pertinere
1381 1576 1516 1618 non
1564 1557 1826 1640 poss'unt
1872 1570 2152 1643 propter
2201 1562 2296 1623 in-

778 1651 1096 1738 scriptum
1122 1671 1373 1715 annum
1396 1652 1539 1716 ΕΛ.
1574 1674 1669 1738 35
1718 1702 1737 1731 ,
1789 1656 1906 1737 qui
1941 1656 2181 1720 ductus
2205 1657 2296 1720 ab

782 1767 962 1812 anno
1011 1766 1092 1829 72
1101 1770 1144 1831 3
1170 1748 1410 1831 incipit
1438 1748 1505 1810 in
1546 1763 1873 1814 autumno
1906 1755 1985 1816 V.
2024 1749 2102 1818 Γ.
2134 1773 2295 1835 757.

776 1847 972 1909 Alius
998 1845 1202 1928 igitur
1232 1845 1670 1927 inquirendus
1702 1846 2128 1926 Saturninus,
2180 1852 2298 1933 qui

776 1940 1068 2026 tempori
1093 1987 1112 2017 ‚
1164 1940 1351 2022 quod
1380 1960 1620 2004 numus
1655 1941 2084 2026 praescribit,
2139 1964 2295 2009 con-

736 2039 1029 2103 .veniat.
1129 2034 1235 2098 Est
1273 2037 1450 2099 inter
1495 2040 1754 2102 Varum
1802 2051 1870 2101 et
1911 2040 2296 2122 Quirinium

778 2132 1159 2221 praesidum
1200 2130 1443 2215 Syriae
1484 2134 1710 2199 hiatus
1738 2184 1757 2214 ‚
1808 2155 2009 2218 quem
2075 2136 2292 2199 erudi-

775 2245 999 2293 torum
1041 2240 1325 2293 conatus
1354 2232 1653 2294 nondum
1681 2233 2066 2316 explevere.
2123 2234 2294 2319 Qua-

772 2349 843 2391 re
866 2376 884 2404 ,
940 2326 1159 2410 inquit
1187 2324 1487 2388 Norifius
1507 2375 1526 2404 ‚
1544 2324 1611 2409 ⁸)
1660 2329 1827 2393 alius
1852 2332 2019 2393 inter
2046 2339 2295 2393 utrum·-

773 2445 888 2510 que
915 2422 1163 2508 praefi-s
1190 2422 1423 2505 Syriae
1443 2424 1770 2507 ponendus
1816 2427 1925 2512 est,
1974 2445 2149 2511 quem
2181 2426 2294 2491 Io-

753 2518 985 2609 sephus
1012 2537 1139 2582 που
1186 2521 1569 2597 nominavit,
1631 2541 1707 2586 ac
1753 2520 1935 2586 uobis
1978 2541 2294 2606 nusquam

769 2639 849 2683 ex
881 2616 1030 2681 aliis
1042 2613 1463 2700 scriptoribus
1499 2616 1837 2683 indicatur.
1942 2619 2137 2682 Hunc
2179 2621 2291 2683 de·

770 2713 1015 2780 finiunt
1047 2712 1227 2775 numi
1276 2713 1701 2795 praesentes,
1768 2735 2024 2801 nempe·
2061 2713 2290 2781 Satur·

766 2814 1042 2888 ninum,
1097 2809 1335 2872 addito
1399 2811 1490 2873 ad
1556 2812 1937 2877 tollendum
1985 2809 2290 2900 ambigu-

771 2930 929 2985 um,
982 2928 1067 2970 ne
1103 2905 1319 2991 gentis
1369 2905 1685 2985 Sentiae,
1737 2921 1814 2971 ut
1888 2910 2103 2982 alter,
2173 2931 2290 2993 pu-

771 3017 1029 3068 taretur
1056 3050 1078 3080 ,
1154 3003 1480 3066 ΟΤΟΛΟ.
1510 3048 1530 3078 ,
1582 3005 1769 3084 quod
1804 3003 1892 3067 est
1920 3023 2047 3090 pro
2087 3006 2293 3072 ΟΤΟ-

773 3100 1201 3166 ΑΟΤΣΙΟΤ.
1314 3097 1549 3160 Plures
1614 3095 1805 3161 fuere
1870 3103 2095 3187 prima
2169 3100 2295 3165 im·

772 3207 1170 3282 peratorum
1227 3204 1452 3255 aetate
1526 3193 1779 3266 Volusii
1839 3209 2293 3284 cognomento

776 3290 1165 3367 Saturnini,
1233 3308 1405 3371 quos
1480 3288 1640 3351 vide
1708 3291 1778 3355 in
1840 3291 2290 3377 Glandorpio.

773 3388 856 3460 L.
896 3386 1239 3450 Volusium
1288 3384 1721 3449 Saturninum
1790 3389 1895 3453 bis
1954 3402 2295 3454 memorat

771 3486 1050 3549 Plinius.
1102 3472 1168 3564 1’)
1270 3480 1492 3565 Quem
1550 3501 1791 3548 numus
1839 3479 2135 3561 ifidicat,
2189 3486 2288 3548 vi·

774 3583 971 3646 detur
1005 3575 1131 3642 ess‘e
1176 3580 1234 3642 is
1274 3576 1354 3640 L.
1397 3576 1748 3656 Volufius,
1820 3597 2021 3665 quem
2083 3582 2288 3646 Taci-

772 3692 879 3741 tus
928 3674 1140 3739 refert
1176 3678 1259 3738 V.
1306 3671 1386 3735 C.
1435 3694 1567 3754 773
1613 3690 1977 3756 mortuum,
2017 3678 2134 3761 qui
2173 3699 2288 3741 ve·

766 3775 930 3836 teris
960 3769 1270 3834 familiae
1304 3770 1717 3833 consulatum
1756 3774 2012 3857 primus
2034 3774 2286 3854 intulit,

771 3868 1049 3932 subinde
1085 3867 1361 3942 censor,
1416 3878 1481 3928 et
1538 3884 1783 3952 opum,
1859 3868 2103 3951 quibus
2164 3870 2284 3933 do-

2517 591 3004 674 PIERIA.

2996 803 3052 879 ς.
3116 754 3284 865 ὶἯ.

2482 985 2687 1072 Caput
2729 989 2926 1055 Iovis.
2987 996 3045 1064 x
3113 993 3672 1064 ΛΝΤιοΧΕΩΝ.
3737 1005 3919 1073 ΜΗ.

2379 1080 2966 1150 ΤΡΟΠΟΛΕΩΣ.
3023 1089 3224 1153 Aries
3265 1090 3508 1176 saliens
3550 1106 3612 1160 et
3674 1103 3904 1187 ‹fir-um

2381 1176 2742 1264 respiciens,
2793 1203 2999 1249 mus
3045 1186 3189 1249 ΒΜ.
3290 1188 3434 1250 ΛΕ.
3487 1190 3610 1257 111.
3667 1200 3899 1284 (Mus.

2371 1272 2573 1339 Caes.
2608 1281 2633 1354 )

2483 1372 2686 1457 Caput
2721 1375 2918 1441 Iovis.
2988 1381 3058 1451 x
3098 1362 3656 1451 ANTioxEnN.
3721 1392 3874 1461 Em

2382 1661 2717 1743 (Mor-elli
2760 1666 2828 1728 in
2873 1663 3040 1728 fam.
3087 1668 3361 1753 Iuniaz)

2477 1761 2829 1826 KAIEAP.
2983 1764 3504 1838 ΣΕΒΑΣΤΟΣ.
3641 1777 3897 1845 ΣΕΒΑ.

2379 1853 2658 1919 ΣΤΟΤ.
2704 1859 2904 1943 Caput
2951 1858 3187 1929 Tiberii
3217 1867 3448 1931 nudum
3483 1875 3543 1943 ,ἴ
3573 1876 3656 1939 Α.
3727 1876 3897 1945 Em.

2376 1950 2804 2024 ΣΙΛΑΝΟΤ.
2879 1957 3434 2027 ΛΝΤΙΟΧΕΩΝ.
3503 1978 3705 2035 anni.-
3755 1976 3894 2037 ΓΜ.

2382 2046 2529 2111 ΔΜ.
2580 2050 2726 2111 ΕΜ.
2761 2054 2902 2118 ΖΜ.
2947 2056 3156 2118 omnia
3183 2056 3360 2123 intra
3385 2082 3703 2132 coronam.
3759 2070 3891 2138 AE.

2378 2140 2466 2203 11.
2525 2144 2553 2229 (
2587 2147 2859 2210 Motelli
2907 2151 3119 2235 impp.
3163 2155 3231 2215 in
3259 2155 3493 2222 Tiber.
3525 2171 3594 2223 et
3622 2164 3692 2224 in
3719 2162 3886 2228 fam.

2377 2237 2644 2319 Iunia.)

2477 2336 2709 2402 Eadem
2746 2344 3100 2426 aduersaae
3142 2347 3214 2408 Γ.
3261 2349 3432 2413 Em.
3455 2352 3891 2424 EmANo‘r.

2376 2434 2928 2504 AN'rloxEnN.
2972 2439 3065 2504 vel
3092 2441 3896 2520 EEAETJOEQN.oems

2375 2530 2517 2592 zM.
2544 2534 2750 2595 omnia
2778 2539 2952 2599 intra
2974 2558 3291 2601 coronam.
3343 2540 3591 2606 AE.11.
3650 2547 3750 2632 (V
3754 2551 3886 2615 aiu.

2377 2643 2559 2687 num.
2597 2627 2837 2694 Graec.
2879 2652 2946 2716 p.
2997 2645 3061 2707 3.
3102 2655 3162 2715 9.
3196 2635 3400 2699 Notis
3437 2658 3544 2722 ep.
3585 2640 3891 2729 Syl-om.)

2470 2722 2706 2788 Annos
2758 2726 2862 2791 his
2908 2729 3254 2816 inscriptos
3291 2736 3512 2799 numis
3549 2738 3888 2806 ducendos

2377 2815 2468 2878 ab
2505 2837 2670 2883 aera
2730 2825 3019 2889 Actiaca
3055 2829 3139 2891 V.
3194 2826 3270 2891 C.
3316 2848 3528 2913 723..
3598 2836 3886 2902 dubitari

2376 2918 2646 2997 nequit,
2701 2938 2857 2982 nam
2922 2922 3104 2986 ducti
3150 2943 3195 2986 a
3237 2923 3654 2995 Caesariana
3697 2936 3781 2999 V.
3813 2935 3879 3000 C.

2381 3028 2544 3094 705.
2587 3033 2722 3076 non
2793 3015 3166 3083 inciderent
3208 3022 3276 3082 in
3325 3033 3686 3110 tempora,
3754 3035 3882 3116 qui·

2380 3103 2504 3167 bus
2549 3121 2670 3171 aut
2703 3110 2969 3175 Silanus
3029 3115 3305 3198 Syriae,
3380 3111 3507 3184 'aaut
3575 3125 3880 3191 Tiberius

2376 3200 2667 3286 imperio
2709 3208 3087 3292 praefuere.
3235 3212 3373 3282 Sed
3432 3219 3613 3282 enim
3682 3243 3887 3309 neque

2380 3316 2614 3362 omnes
2660 3300 2734 3366 hi
2768 3308 2926 3369 anni
2966 3308 3229 3392 poss'unt
3268 3331 3422 3374 cum
3460 3334 3628 3380 aera
3663 3319 3878 3385 Actia·

2378 3413 2462 3460 ca
2505 3402 2867 3482 componi,
2922 3415 2989 3465 et
3047 3407 3323 3487 quidem
3373 3410 3520 3474 ΓΜ.
3573 3426 3645 3477 et
3701 3418 3884 3495 AM„

2376 3491 2492 3573 qui
2523 3491 2681 3555 teste
2717 3497 3040 3562 Moreliio
3085 3504 3506 3586 reperiuntur
3547 3507 3618 3572 in
3673 3513 3888 3575 nuruis

2374 3586 2640 3650 Tiberii
2670 3592 2810 3670 jam
2844 3595 3350 3664 ΣΕΒΛΣΤΟΤ.
3385 3602 3584 3666 titulo
3623 3609 3882 3694 praedi-

2372 3684 2448 3746 ti.
2547 3685 2783 3750 Annus
2852 3691 3005 3780 AM.
3064 3694 3391 3761 deductus
3459 3717 3505 3760 a
3552 3705 3896 3787 principio·

2374 3779 2530 3842 anni
2567 3782 2653 3846 V.
2707 3780 2783 3847 C.
2837 3805 2970 3870 723
3023 3791 3251 3874 coepit
3300 3795 3524 3859 mense
3587 3799 3886 3886 Septem·

2372 3873 2476 3937 bri
2518 3881 2701 3958 766,
2756 3893 2822 3943 et
2868 3885 3081 3947 exivit
3139 3888 3383 3952 eodem
3435 3894 3659 3958 mense
3713 3898 3886 3976 767,

769 3986 920 4030 mus
960 3964 1084 4027 illa
1116 3961 1511 4026 immensum
1560 3965 1815 4050 viguit,
1870 3969 2126 4050 primus
2167 3967 2282 4029 ad·
2368 3969 2483 4034 red
2537 3987 2685 4038 toto
2735 3977 2958 4043 adhuc
3006 3980 3126 4044 illo
3198 4002 3380 4048 anno
3461 3991 3886 4055 Antiocheno

768 4062 1172 4128 cumulator.
1220 4058 1282 4144 ο)
1383 4060 1573 4123 Idem
1615 4062 1692 4127 L.
1713 4061 2020 4126 Volusius
2052 4061 2282 4128 Satur·

765 4161 959 4223 ninus
1005 4157 1249 4244 legitur
1300 4158 1508 4221 etiam
1559 4158 1628 4223 in
1684 4179 1888 4250 numo
1948 4159 2283 4224 Achullae

766 4258 1185 4341 Byzacenes.

2097 4692 2104 4698 ·
2143 4671 2198 4738 b)
2235 4671 2299 4725 L.
2342 4674 2469 4727 v11.
2505 4680 2555 4747 ς.
2599 4692 2677 4736 12.
2722 4688 2774 4728 et
2811 4692 2895 4747 49.

832 4661 887 4726 a)
926 4657 1119 4712 cenot.
1158 4658 1263 4724 Pir,
1300 4659 1412 4716 diff.
1450 4665 1522 4718 11.
1560 4683 1608 4724 e.
1654 4670 1730 4718 16.
1768 4669 1819 4737 ς,
1865 4687 1948 4724 ιι.

2372 4068 2668 4155 demptis
2707 4076 2945 4158 paucis
2990 4075 3230 4141 diebus
3275 4079 3605 4168 superfuit
3665 4087 3886 4152 adhuc

2371 4164 2695 4246 Augustus
2717 4216 2736 4246 ‚
2789 4185 3092 4236 mortuns
3127 4175 3418 4260 denique
3449 4180 3628 4243 xlx.
3662 4185 3884 4269 Augu·

2373 4255 2445 4319 sti
2495 4262 2579 4326 V.
2636 4261 2714 4330 C.
2776 4268 2940 4349 767.
3042 4269 3198 4355 Qua
3256 4293 3418 4363 ergo
3465 4279 3737 4346 ratione
3785 4279 3884 4346 la·

3106 4688 3153 4753 c)
3192 4687 3350 4747 Anu.
3383 4688 3486 4742 111.
3525 4708 3613 4759 3⁰·

4117 4591 4123 4636 4

4117 4785 4123 4902 Ι
