4125 5500
824 551 965 620 150.

2060 526 2687 624 PHRYGra.

799 727 951 812 giae
1006 725 1169 789 item
1209 695 1446 789 urhem
1494 719 1749 813 prodit.
1848 732 1945 793 At
1989 731 2338 815 quodnam
2416 740 2694 807 morat,
2755 722 3135 811 Ceretapen
3215 725 3501 802 reticet,
3553 741 3693 789 non
3761 727 3948 809 alia,

805 842 941 884 nun
973 841 1052 884 us
1113 823 1506 908 praetensae
1549 825 1960 888 concordiae
2009 826 2336 889 indicium
2417 837 2494 887 ut
2556 842 2848 909 pronum
2907 819 2996 884 est
3062 822 3441 903 conjicere,
3516 821 3600 884 de
3680 824 3944 901 causa,

794 915 1019 979 facit?
1122 915 1327 981 Abest
1391 919 1807 983 vocabulum
1875 921 2334 1001 OMONOIA,

791 1024 1000 1096 typus
1056 1011 1148 1075 est
1184 1011 1380 1075 unius
1434 1026 1699 1077 tantum
1744 1016 2100 1092 numinis,
2175 1036 2329 1080 cum

791 1107 1194 1194 plerumque
1255 1111 1324 1170 in
1363 1111 1770 1174 concordiae
1821 1113 2042 1175 numis
2083 1112 2326 1174 utrius-

799 1224 929 1288 que
970 1203 1157 1266 urbis
1209 1202 1544 1287 fingantur
1599 1208 1900 1285 numina,
1958 1207 2329 1304 praecipue

799 1319 955 1363 cum
1018 1298 1435 1364 vocabulum
1497 1301 1905 1366 ΟΜΟΝΟΙΑ
1976 1284 2331 1388 supprimi-

802 1407 936 1460 tur.
1043 1394 1277 1476 Quare
1337 1392 1759 1457 verisimilius
1821 1398 2131 1474 videtur,
2204 1396 2329 1460 Ce—

802 1504 1087 1577 retapen
1127 1487 1507 1552 honorifico
1535 1489 2036 1556 Diocaesareae
2054 1493 2327 1556 nomine

782 1587 1024 1666 usam,
1078 1585 1381 1670 illudque
1445 1585 1665 1647 numis
1748 1586 2171 1675 infcripfiss'e,
2254 1599 2330 1649 ut

797 1679 1164 1745 Castabala
1216 1678 1706 1766 Cappadociae
1768 1702 2016 1745 nomen
2082 1683 2324 1746 Hiero·

788 1776 1037 1865 poleos
1068 1825 1089 1854 ,
1147 1776 1457 1842 Comana
1496 1777 1699 1840 Ponti
1748 1777 2323 1854 Hierocaesareae

796 1884 925 1934 etc.
989 1873 1177 1937 Iovis
1267 1871 1453 1956 apud
1513 1868 1992 1957 Ceretapenses
2067 1873 2323 1936 cultum

801 1969 1025 2051 arguit
1071 1966 1326 2052 Iupiter
1361 1954 1531 2030 stans
1570 1966 1641 2028 iu
1673 1986 1879 2029 numo
1921 1980 2322 2044 autonomo,

797 2082 887 2124 ex
928 2080 1063 2146 quo
1111 2060 1610 2125 Diocaesareae
1646 2081 1903 2125 nomen·
1938 2061 2321 2138 abstulerit,

796 2167 899 2242 ut]
942 2156 1297 2220 Laodicea
1357 2156 1791 2241 DiospoleOS.
1907 2159 2176 2234 Video,
2254 2159 2323 2219 in

799 2254 1046 2316 eadem
1091 2272 1360 2315 mecum
1424 2252 1750 2315 sententia
1805 2254 2072 2363 pridem
2131 2250 2323 2315 fuiss'e

800 2337 1272 2426 Holstenium,
1326 2344 1391 2429 ²)
1444 2347 1558 2439 qui
1590 2348 1761 2415 item
1809 2350 2121 2429 conjecit,
2154 2347 2323 2416 Dio-

799 2441 1192 2504 caesaream
1260 2452 1329 2503 et
1410 2440 1786 2525 Ceretapen
1848 2440 2041 2506 fuiss'e
2118 2460 2325 2506 unam

801 2536 1227 2624 eandemque
1266 2535 1527 2600 urbem.

907 2633 1203 2710 Tertius,
1258 2653 1459 2729 quem
1489 2631 1889 2697 Pellerinius
1926 2633 2085 2698 huic
2109 2632 2324 2718 Phry-

796 2728 953 2815 giae
999 2727 1151 2792 urbi
1201 2715 1524 2815 largitur,
1583 2727 2005 2795 verifimilius
2042 2729 2132 2794 est
2156 2730 2324 2797 Dio-

798 2825 1157 2898 caesareae
1198 2825 1531 2903 Ciliciae,
1586 2846 1793 2911 quam
1830 2839 2015 2891 certo
2069 2825 2326 2892 constat

795 2916 1178 2987 Bactrianae
1214 2922 1427 3011 titulo⁸
1444 2920 1629 2985 usam
1657 2968 1677 2998 ,
1732 2934 1811 2984 ut
1854 2923 2032 2984 aliae
2072 2922 2324 3006 passim

805 3014 1090 3078 Ciliciae
1132 3015 1372 3091 urbes,
1427 3026 1499 3076 at
1550 3035 1820 3099 paucae,
1848 3017 2195 3102 Phrygiae
2238 3037 2325 3082 ex

797 3112 1022 3173 nuruis
1058 3109 1383 3173 hactenus
1422 3112 1647 3179 notis„

904 3201 1076 3267 Cum
1133 3222 1291 3288 ergo
1366 3202 1667 3288 expensis
1706 3204 1834 3266 -his
1883 3207 2104 3269 nuruis
2187 3226 2331 3271 non·

2355 983 2366 990 ,
2418 938 2623 1002 quam
2666 918 2851 1004 quod
2899 915 3118 1002 reipsa
3159 936 3298 980 una
3336 919 3717 1001 eademque
3781 919 3942 983 urbs

2413 1013 2546 1077 fuit
2605 1015 2781 1077 binis
2856 1013 3068 1076 variis
3133 1011 3760 1097 appellationibus»,
3857 1035 3941 1078 ex

2415 1110 2660 1194 quibus
2703 1111 2843 1195 ipse
2882 1127 3080 1184 eam,
3130 1127 3305 1192 quae
3355 1119 3499 1169 tum
3556 1111 3780 1193 magis
3812 1130 3931 1193 po-

2413 1203 2673 1290 pularis
2711 1203 3076 1278 exstiterit,
3126 1223 3380 1288 nempe
3407 1202 3938 1282 Diocaesareae,

2416 1299 2740 1385 selegerit.
2845 1299 3228 1362 Secundum
3278 1298 3566 1360 eandem
3605 1296 3787 1362 hanc
3847 1301 3935 1362 le·

2414 1415 2564 1504 gem
2656 1395 2977 1477 Belleyus
3062 1393 3534 1455 Ptolemaeum
3594 1394 3934 1478 explicat,

2414 1491 2529 1573 qui
2616 1492 2932 1553 Adanam
3006 1485 3288 1551 Ciliciae
3387 1503 3928 1568 commemorat,

2410 1585 2523 1647 sed
2562 1584 3001 1648 Antiochiam
3049 1584 3139 1647 ad
3173 1583 3458 1660 Sarum,
3510 1569 3751 1647 urbem
3797 1605 3932 1649 non

2408 1699 2655 1765 parum
2688 1673 3030 1756 illustrem,
3061 1674 3336 1756 omittit,
3386 1679 3710 1741 nimirum
3747 1682 3929 1764 quia,

2408 1788 2485 1837 ut
2526 1775 2663 1860 ipse
2702 1775 2956 1852 censet,
3024 1793 3224 1858 quae
3248 1773 3505 1838 Adana
3577 1772 3747 1853 fuit,
3822 1794 3928 1838 ea·

2410 1871 2566 1934 dem
2619 1884 2687 1935 et
2746 1870 2888 1933 alio
2963 1870 3234 1932 nomine
3300 1867 3679 1933 Antiochia
3745 1871 3930 1934 dicta

2407 1963 2636 2030 fuerit.
2687 1955 2754 2046 b)
2857 1965 3087 2048 Quare
3138 1976 3215 2026 ut
3269 1983 3408 2028 non
3464 1966 3721 2028 erravit
3771 1966 3927 2030 Pto-

2407 2061 2749 2138 lemaeus,
2799 2062 2903 2123 ita
2955 2057 3334 2124 distinctam
3375 2057 3568 2121 fuiss'e
3625 2062 3931 2146 aliquam

2407 2155 2748 2240 Phrygiae
2790 2156 3022 2218 urbem
3076 2154 3578 2218 Diocaesareae
3631 2158 3928 2234 nomine,

2409 2249 2763 2314 verisimile
2797 2270 2933 2313 non
2974 2247 3084 2315 est.
3189 2249 3300 2312 Sic
3353 2263 3420 2312 et
3454 2249 3826 2334 Sepphoris
3865 2263 3932 2316 et

2406 2345 2870 2411 Diocaesarea
2888 2366 3026 2413 una
3064 2345 3439 2429 eademque
3475 2344 3603 2408 fuit
3619 2341 3930 2410 Galilae-

2408 2458 2491 2505 ae
2525 2440 2709 2505 urbs.

2717 2589 3626 2701 nzomsojoozm.

2504 2828 2678 2892 Eam
2710 2829 2966 2892 Plinius
3008 2826 3370 2920 conventui
3395 2824 3755 2911 Apamenfi
3785 2825 3930 2891 sub·

2401 2925 2588 3008 jicit,
2639 2936 3069 2988 memoratur.
3116 2923 3326 2985 etiam
3373 2920 3728 3000 Ciceroni,
3783 2922 3924 2986 Sue-

2405 3019 2800 3105 phanoque.
2899 3018 3073 3085 Vide
3109 3016 3498 3113 Cellarium.

2912 3213 3365 3277 ..autonomi
3397 3236 3436 3277 .·-

802 3297 1019 3359 modo
1054 3297 1242 3360 nulla
1277 3297 1353 3361 fit
1396 3300 1583 3361 ratio*
1612 3299 1856 3364 horum
1898 3321 2103 3367 unum
2162 3301 2340 3366 huic·
2435 3362 2446 3369 .

803 3391 1305 3458 Diocaesareae
1389 3395 1860 3479 adjudicandi,
1951 3398 2066 3461 sed
2116 3399 2324 3463 etiam

802 3489 875 3553 in
910 3487 1175 3576 lingulis
1225 3490 1460 3575 aliqua
1492 3492 1669 3556 ratio
1697 3506 2031 3579 appareat
2067 3515 2185 3559 eos
2216 3496 2316 3560 ,in-

803 3586 889 3648 de
936 3586 1334 3663 avocandi,
1389 3588 1596 3650 tutius
1657 3586 1745 3650 est
1791 3591 2108 3675 opinari,
2164 3612 2316 3657 eam

796 3679 1135 3743 hactenus
1197 3680 1442 3764 opibus
1510 3684 2002 3747 numismaticis
2052 3686 2314 3750 destitu-

800 3785 974 3835 tam.
1072 3774 1226 3859 Huc
1274 3778 1577 3856 accedit,
1653 3780 1837 3862 quod
1888 3799 2133 3844 revera
2174 3782 2318 3846 Sal·

802 3865 1089 3947 marius,
1141 3870 1562 3951 Holstenius,
1610 3862 1948 3937 Cellarius
1988 3877 2318 3954 dubitent,

804 3981 893 4026 an
940 3984 1238 4051 unquam
1272 3968 1769 4033 Diocaesareae
1821 3975 2094 4037 nomine
2157 3971 2317 4037 urbs

797 4061 873 4125 in
907 4061 1211 4148 Phrygia
1249 4061 1591 4128 exstiterit.
1669 4066 1832 4178 .Ejus
1854 4070 2090 4133 unicus
2118 4090 2311 4157 prae-

802 4176 888 4220 co
926 4156 1014 4220 est
1050 4160 1527 4237 PtolemaeuS,
1583 4164 1768 4244 cujus
1803 4176 2048 4228 tamen
2063 4164 2312 4231 senten-

796 4255 899 4317 tia
958 4255 1366 4340 explicanda
1425 4258 1653 4339 potius
1737 4260 2031 4325 videtur.
2131 4262 2313 4325 Nam

2506 3402 2723 3471 ICP‘A.
2785 3404 3109 3475 B'QTAH.
3195 3403 3402 3489 Caput
3476 3403 3779 3471 muliebre.
3865 3415 3946 3485 3)·

2413 3499 3291 3567 ΔΙΟΝΤΕΟΠΟΔΕΙΤΩΝ.
3360 3498 3584 3568 Diana
3642 3502 3925 3594 Ephesia.

2401 3597 2543 3662 AE.
2600 3595 2878 3682 (Goltz.
2930 3599 2999 3660 in
3042 3594 3335 3660 Graecia
3380 3598 3527 3662 tab.
3568 3611 3677 3671 28.
3717 3596 3747 3679 )

2497 3693 2794 3756 Numum
2866 3695 3041 3757 hunc
3097 3692 3378 3755 Nomius
3463 3693 3930 3785 Dionysopoli

2402 3787 2744 3851 Thraciae
2757 3790 3018 3866 tribuit,
3069 3787 3181 3850 sed
3218 3785 3262 3848 fi
3304 3806 3602 3873 unquam
3650 3792 3929 3867 exstitit,

2404 3895 2582 3947 certe
2626 3883 2713 3946 est
2770 3884 2980 3967 hujus
3033 3883 3377 3967 Phrygiae
3423 3884 3930 3968 Dionysopolis
4007 3900 4016 3909 '

2404 3998 2557 4040 cum
2593 3980 2795 4043 causa
2835 3979 3238 4067 epigraphes
3275 3973 3926 4059 1.ΕΡΑ.ΒΟΤΛΗ.,

2399 4084 2543 4138 tum
2597 4089 2785 4160 typo
2811 4075 3108 4141 aversae.

3145 4168 3178 4204 ἢ

2492 4264 2727 4332 κει-(3.
2773 4264 3171 4333 norme:
3227 4223 3928 4337 ΛιὸΝτεοΠοΛει.

798 4353 984 4417 idem
1034 4354 1130 4430 ia,
1185 4354 1300 4436 qui
1336 4352 1867 4419 Diocaesaream
1921 4357 2120 4420 nobis
2174 4378 2311 4420 me·
2395 4361 2619 4425 ΤΩΝ.
2667 4364 3061 4447 θαρκέΙουιζς
3085 4362 3525 4430 diadematum.
3557 4373 3617 4440 ,ἵ
3645 4366 3925 4431 CTPA-

873 4561 928 4633 a)
964 4562 1024 4613 iu
1062 4558 1231 4614 Ortel.
1257 4558 1461 4636 pss691-

1634 4560 1694 4633 b)
1731 4562 2021 4623 B..·L..T,.
2046 4565 2316 4623 XXXV..
2336 4586 2395 4640 p.
2426 4567 2712 4641 61‹>..1'eq.v
