4125 5500
1170 596 1820 675 SELEVCIS
1869 653 1893 692 ‚
1989 595 2478 674 PIERIA.

277 793 480 869 bente
520 795 653 861 hoc
691 816 868 861 anno
898 799 1305 863 Antiochiae
1334 799 1573 885 [ignari
1601 814 1795 887 potu·

278 913 389 955 ere
432 894 617 956 numi
658 895 929 957 nomine
980 896 1244 959 Tiberii
1284 899 1428 978 jam
1470 897 1798 984 Augusti?

277 986 349 1050 Si
390 988 656 1053 calculo
690 990 848 1053 huic
912 1004 1247 1077 repugnat
1313 1013 1533 1058 annus
1597 996 1795 1071 ΔΜ.,

276 1086 492 1151 multo
527 1086 744 1171 magis
777 1089 1184 1172 repugnabit
1216 1108 1428 1153 annus
1469 1092 1617 1154 ΓΜ.
1660 1090 1798 1152 Ha-

274 1201 682 1266 vercampus
736 1182 805 1245 in
854 1195 1210 1268 utrumque
1262 1186 1442 1249 hunc
1495 1185 1801 1250 Morellii

270 1296 550 1343 numum
596 1291 1090 1343 commentatus
1162 1281 1636 1347 difficultatem
1700 1282 1803 1345 in·

266 1384 532 1451 tactam
572 1373 867 1457 reliquit,
920 1377 1152 1456 credo,
1205 1378 1368 1461 quia
1396 1380 1618 1442 nodus
1661 1398 1799 1442 non

274 1470 724 1537 eratvindice
761 1471 1023 1559 dignus.
1124 1476 1218 1536 At
1261 1493 1416 1537 eum
1451 1473 1535 1537 fic
1587 1494 1799 1562 expe-

274 1565 422 1629 dire
483 1575 705 1631 tentat
779 1568 1184 1653 Magnanus.
1237 1567 1305 1652 ⁸)
1456 1570 1747 1637 Tiberius
1776 1616 1796 1649 ,

272 1660 534 1745 inquit,
607 1664 674 1725 in
719 1663 1024 1728 nonnullis
1073 1666 1402 1761 Augustus
1456 1667 1801 1752 appeUatur

272 1760 461 1823 etiam
518 1767 664 1824 ante
689 1761 873 1847 ipsius
915 1762 1244 1827 Octaviani
1302 1763 1578 1851 Augusti
1631 1784 1798 1828 mor·

270 1863 393 1918 tem
407 1902 428 1932 ,
478 1853 555 1921 ob
571 1853 793 1933 scilicet
818 1856 1132 1943 aequalem
1159 1861 1404 1924 omino
1416 1861 1797 1947 potestatem,

273 1969 463 2036 qnam
509 1971 550 2015 a
588 1950 813 2039 senatu
851 1953 1192 2040 postulante
1241 1965 1435 2040 patre
1482 1957 1617 2041 ejus
1665 1958 1801 2044 teste

282 2044 359 2112 V
351 2046 508 2133 ellejo
557 2051 626 2111 in
650 2046 849 2132 Syria
878 2047 1277 2137 omnibusque
1302 2053 1648 2137 provinciis
1688 2051 1799 2119 ob·

274 2147 560 2215 timuerat
596 2164 761 2211 anno
807 2145 1091 2211 Romano
1149 2150 1309 2233 765.
1414 2148 1604 2212 Haec
1644 2170 1794 2213 cum

282 2239 630 2325 scripserat
667 2241 791 2303 vir·
809 2242 1149 2318 eruditus,
1203 2263 1291 2308 an
1330 2244 1486 2309 satis
1528 2245 1798 2309 videtur

278 2337 664 2421 expendiss'e
710 2349 1025 2402 naturam
1059 2339 1238 2402 tituli
1286 2338 1642 2427 Augustei,
1715 2361 1799 2405 ae

277 2434 650 2518 praecipue
762 2451 901 2515 qua
982 2434 1042 2495 is
1123 2432 1255 2498 fuit
1321 2438 1597 2500 vivente
1677 2439 1795 2500 ad·

276 2524 412 2590 huc
444 2527 738 2613 Augusto
762 2530 794 2589 ’ἔ
843 2526 1026 2591 Nolo
1059 2529 1385 2599 lectorem
1430 2527 1801 2617 refutanda

270 2621 410 2685 hac
452 2623 777 2687 sententia
817 2622 1081 2707 longius
1123 2627 1420 2708 morari,
1469 2645 1622 2688 cum
1659 2644 1798 2687 ma·

277 2720 384 2803 gis
420 2720 738 2783 videatur
807 2716 1194 2797 verisimile,
1247 2733 1604 2804 utrumque
1684 2741 1798 2783 nu·

284 2833 478 2880 mum
519 2813 1000 2877 Motellianum
1043 2813 1170 2878 effe
1213 2816 1640 2881 mendacem.
1709 2817 1799 2878 E-

276 2910 595 2973 nimvero
668 2920 1036 2994 antequam
1106 2911 1452 2997 explicare
1520 2932 1799 2975 numum

277 3005 555 3080 ordiar,
608 3025 809 3090 quem
852 3017 1077 3070 certae
1120 3007 1545 3091 antiquitatis
1590 3007 1798 3071 scien-

275 3101 422 3163 tiae
456 3097 807 3163 manifeste
846 3102 1052 3165 video
1088 3122 1489 3188 repugnare,
1539 3105 1800 3189 primas

278 3215 472 3260 meas
510 3208 739 3280 partes
782 3210 972 3281 puto,
1025 3199 1111 3261 de
1148 3200 1335 3262 numi
1369 3200 1799 3282 antiquitate,

279 3304 352 3355 et
389 3312 559 3355 vera
591 3295 733 3374 eJ‘us
772 3292 1064 3358 lectione
1115 3293 1242 3357 ess‘e
1302 3294 1648 3374 securum,
1703 3309 1801 3359 at·

279 3408 415 3471 que
446 3385 613 3451 istud
648 3386 1065 3452 confidenter
1102 3410 1375 3455 monere
1414 3390 1798 3470 lectorem,

275 3503 368 3547 ne
413 3483 860 3548 irreverenter
885 3486 1127 3549 videar
1155 3506 1239 3549 ac
1289 3486 1478 3564 velut
1527 3506 1650 3572 per
1700 3489 1801 3552 lu-

275 3579 425 3643 sum
458 3578 857 3665 gravissima
885 3594 1042 3645 vetu
1057 3579 1235 3645 statis
1261 3583 1591 3669 dogmata
1625 3581 1802 3646 velle

282 3688 613 3740 evertere.
716 3674 949 3758 Quas,
1018 3690 1097 3740 ut
1155 3678 1473 3760 aiebam,
1542 3681 1802 3764 primas

278 3791 475 3836 meas
513 3784 743 3857 partes
779 3786 972 3858 puto,
1026 3793 1143 3838 eas
1187 3775 1414 3839 multis
1452 3772 1648 3840 fuiss'e
1680 3793 1803 3860 po·

280 3865 603 3945 stremas,
650 3868 863 3932 nimio
905 3882 1204 3948 certum,
1277 3871 1519 3956 quibus
1582 3871 1803 3957 gravi·

280 3981 366 4028 us
403 3961 600 4050 saepe
650 3964 995 4048 piaculum
1038 3964 1290 4046 visum,
1378 3964 1636 4031 Goltzii
1686 3979 1806 4031 aut

280 4058 727 4123 Mediobarbi
777 4058 984 4124 fidem
1025 4074 1093 4124 et
1154 4063 1671 4127 adcurationem
1733 4064 1805 4125 in

282 4153 572 4219 dubium
607 4175 897 4234 vocare,
950 4177 1157 4241 quam
1192 4177 1469 4221 omnem
1503 4172 1808 4224 veterem

278 4248 632 4316 historiam
670 4264 739 4315 et
790 4250 1308 4339 chronologiam
1344 4266 1453 4316 tot
1509 4256 1806 4339 undique

281 4349 742 4412 monumentis
782 4348 1257 4413 confirmatam
1296 4348 1453 4412 loco
1500 4367 1806 4413 movere.

3265 621 3400 684 277

1882 799 2325 867 Mazzolenus
2365 799 2472 862 vir
2512 798 2812 861 eruditus
2840 797 2995 861 fane
3026 812 3105 861 ac
3142 790 3394 879 perspi·

1884 918 2055 975 cax,
2127 896 2237 958 sed
2312 898 2447 960 hoc
2517 914 2650 958 uno
2717 893 2897 958 forte
2973 891 3348 972 culpandus
3374 942 3393 971 ‚

1883 994 2069 1079 quod
2089 993 2167 1055 in
2200 994 2386 1056 nullo
2417 1010 2626 1054 numo
2650 1038 2669 1069 ‚
2725 1010 2925 1075 quem
2970 989 3175 1054 alieni
3212 1001 3396 1053 cata·

1878 1091 2020 1175 logi
2063 1089 2371 1153 obtulere
2410 1135 2430 1165 ,
2495 1101 2614 1150 aut
2661 1090 2932 1166 νοθειαν,
2999 1100 3117 1151 aut
3174 1085 3398 1150 occul-

1879 1196 2025 1249 tum
2058 1186 2298 1249 vitium
2333 1182 2422 1248 est
2445 1178 2856 1267 suspicatus?
2906 1186 3000 1248 At
3028 1183 3216 1246 numi
3240 1231 3258 1259 ,
3313 1182 3397 1246 de

1882 1283 2126 1367 quibus
2168 1283 2430 1366 agimus
2457 1328 2476 1356 ,
2531 1280 2718 1364 capti
2757 1279 2902 1344 sunt
2944 1299 3033 1344 ex
3072 1275 3395 1365 operibus

1881 1377 2223 1455 Motellii,
2274 1380 2406 1458 vrri
2436 1375 2480 1439 fi
2521 1376 2673 1460 quis
2712 1375 2926 1453 alius,
2982 1375 3291 1439 adcurati
3314 1390 3409 1438 ac.

1880 1472 2014 1538 fide
2055 1475 2260 1558 digni.
2360 1474 2543 1535 Novi
2578 1470 2971 1556 praestantis
3013 1472 3145 1537 viri
3198 1472 3392 1534 meri-

1877 1581 1990 1646 ta,
2043 1569 2152 1632 sed
2207 1588 2489 1645 numos,
2543 1588 2714 1651 quos
2753 1568 3104 1645 ediderat,
3158 1566 3396 1630 omnes

1880 1666 2007 1730 ess‘e
2042 1666 2170 1729 rite
2199 1665 2672 1750 promulgatos
2708 1667 2823 1747 qui
2859 1662 3397 1741 voletadserere,

1876 1761 1976 1824 illi
2019 1782 2148 1846 ego
2202 1758 2443 1842 justum
2496 1779 2772 1836 eorum,
2859 1780 2942 1825 ac
3029 1750 3398 1845 praecipue

1879 1855 2342 1934 Graecorum,
2411 1874 2764 1921 numerum
2811 1854 3071 1940 poss'em
3126 1874 3394 1940 reprae-

1877 1952 2175 2030 sentare,
2227 1953 2297 2015 in
2340 1952 2583 2036 quibus
2616 1950 3068 2016 describendis
3095 1952 3396 2037 graviter

1867 2048 2275 2114 offenderat.
2330 2048 2540 2131 Quod
2573 2049 2616 2113 fi
2655 2048 2805 2131 quis
2840 2047 3140 2113 vicinum
3174 2066 3401 2111 exem-

1875 2146 2066 2231 plum
2121 2144 2490 2224 desiderat,
2557 2147 2618 2210 is
2674 2143 2938 2228 quaeso
2988 2140 3400 2230 postremum

1876 2242 2092 2305 Silani
2124 2261 2403 2305 numum
2438 2242 2508 2305 in
2539 2241 2785 2306 eadem
2840 2239 3107 2305 Tiberii
3153 2237 3402 2304 tabula

1873 2337 2220 2422 inspiciat,
2272 2337 2388 2421 qui
2425 2336 2853 2423 praeclarum
2905 2336 3148 2414 nobiS,
3209 2333 3400 2399 fisu-

1873 2436 2057 2517 peris
2097 2432 2365 2517 placet,
2439 2434 2746 2518 epochae
2808 2451 3059 2496 annum
3101 2432 3244 2500 ΞΜ.
3296 2428 3399 2495 of·

1871 2526 2032 2598 fert.
2134 2528 2219 2588 Et
2281 2548 2450 2590 vero
2506 2527 3019 2611 promulgandis
3090 2526 3401 2614 epochae

1878 2625 2069 2685 annis
2117 2632 2310 2683 tanto
2371 2624 2654 2707 pronius
2708 2634 3106 2704 peecatum,
3173 2625 3396 2704 quod„

1877 2718 1984 2781 seu
2038 2719 2089 2781 Γ
2124 2716 2355 2802 legas,
2406 2718 2514 2781 seu
2557 2718 2613 2783 E
2642 2765 2661 2795 ,
2724 2712 2894 2779 istud
2948 2715 3402 2802 inscriptionis

1874 2813 2129 2877 sensum
2177 2832 2314 2875 non
2373 2812 2651 2890 turbat,
2736 2823 2941 2896 atque
3000 2831 3190 2874 error
3255 2824 3403 2875 tum

1876 2911 2171 2996 primum
2229 2908 2792 2994 deprehenditur,
2874 2927 3030 2972 cum
3100 2905 3404 2972 calculus

1876 3005 2289 3073 subducitur.
2390 3004 2615 3070 Multa
2651 3003 2858 3069 etiam
2915 3005 2985 3067 in
3048 3003 3403 3067 iconismis

1878 3100 2298 3189 deprehendi
2336 3112 2600 3180 errata,
2653 3100 2762 3166 sed
2818 3120 2993 3183 quae
3044 3118 3181 3163 non
3245 3099 3401 3163 Mc-

1879 3198 2102 3288 rellio,
2154 3197 2265 3261 sed
2310 3194 2821 3284 chalcographo
2851 3196 3171 3282 imputeS,
3223 3215 3402 3280 quae
3505 3209 3512 3220 ⁴

1878 3295 2037 3358 sane
2071 3294 2304 3357 omnia
2335 3291 2733 3356 abstersurus
2773 3303 2922 3355 erat
2954 3293 3062 3355 vir
3109 3290 3403 3376 insignia,

1878 3389 1922 3452 fi
1966 3409 2092 3475 per
2124 3387 2473 3453 fortunam
2539 3390 2757 3474 magis
2828 3388 3244 3472 propitiam,
3318 3406 3402 3450 ac

1881 3485 2123 3549 deinde
2144 3487 2353 3548 etiam
2387 3483 2849 3550 valetudinem
2886 3482 3166 3546 licuiss'et
3204 3482 3408 3548 edere

1880 3581 2454 3659 commentarios,
2508 3597 2679 3664 quos
2741 3581 2811 3643 in
2862 3577 3190 3642 collectos
3244 3597 3291 3641 a
3339 3578 3404 3640 se

1880 3696 2125 3742 numos
2173 3690 2563 3762 paraverat.
2664 3676 2858 3740 Haec
2901 3694 3056 3739 cum
3097 3675 3404 3740 maxime

1882 3774 2071 3859 apud
2104 3775 2405 3839 animum
2441 3785 2868 3857 reputarem,
2923 3791 2961 3833 e
3020 3791 3094 3836 re
3139 3770 3355 3836 visum
3379 3815 3404 3844 ,

1883 3869 2124 3935 causae
2159 3867 2516 3933 arbitrium
2563 3866 2836 3932 Gothae
2874 3867 3217 3931 Saxoniae
3256 3881 3409 3952 peris

1883 3966 2179 4041 mittere,
2231 3967 2302 4028 in
2335 3968 2518 4044 cujus
2554 3963 2895 4046 locuplete
2932 3960 3208 4040 museo,
3237 3962 3409 4025 olim

1884 4058 2533 4144 Schwarzburgico,
2585 4057 2836 4120 servari
2879 4074 3156 4119 numum
3194 4055 3409 4119 Silani

1885 4173 2039 4219 cum
2074 4173 2253 4228 anno
2289 4156 2434 4218 ΓΜ.
2473 4151 2815 4239 adpolitus
2855 4171 2898 4214 a
2931 4150 3253 4214 Motellio
3291 4149 3405 4213 leo

1888 4262 2139 4315 monet.
2243 4249 2595 4324 consultus
2636 4267 2682 4312 a
2716 4246 2825 4310 me
2865 4244 3310 4311 amicissimus
3342 4258 3410 4309 et

1889 4367 2046 4411 mea
2085 4346 2287 4411 laude
2321 4349 2539 4427 major
2571 4344 3016 4429 Schlaegerus
3053 4339 3406 4427 rescripsit:

281 4442 487 4527 Quae
521 4465 657 4510 non
694 4441 987 4510 monstra
1034 4445 1400 4531 parturivit
1454 4446 1568 4510 vel
1640 4464 1810 4510 unus
1872 4464 2153 4507 numum
2191 4445 2336 4507 ΓΜ.
2372 4462 2511 4506 non
2561 4442 2769 4506 modo
2810 4460 2948 4505 non
2987 4435 3292 4502 existere·
3333 4439 3404 4500 in

345 4657 427 4716 .a)
463 4651 648 4709 Probi.
687 4652 755 4708 de
795 4670 928 4715 (nn.
967 4650 1095 4719 chr'.
1134 4664 1192 4718 P·
1233 4671 1352 4728 ¹25·
1418 4621 1425 4632 ⁵
1472 4623 1479 4634 ·
