4125 5500
1415 613 2024 702 PHRYGIA.
3143 653 3270 717 252
3400 613 3408 620 ·

170 815 779 889 TurorNToc‘-
907 822 1381 889 -ΤΡΑΤΟΤ,
1425 826 1497 889 Β.
1534 823 1682 891 ΜΕ·
1764 825 2052 889 veritate
2089 837 2225 886 non
2261 820 2581 886 contInuo
2621 817 2836 885 faciat
2870 816 3124 885 oboriri
3149 825 3263 887 du-

168 917 544 985 ANAPOC.
572 917 918 984 Maeander
950 916 1350 1005 humZJacens
1378 925 1439 989 d.
1479 940 1681 986 arun-
1760 921 1969 985 bium.
2074 924 2168 984 At
2213 936 2416 982 nemo
2475 918 2599 980 erit
2640 917 2890 991 etiam,
2956 919 3072 1000 qui
3125 937 3262 982 am.

169 1006 1353 1101 dinem.AE.(Catal.d’Enne1-y
1383 1041 1455 1105 p.
1503 1030 1618 1100 98.
1645 1013 1675 1098 )
1754 1016 1973 1101 bigat,
2007 1015 2134 1079 ess'e
2167 1011 2347 1077 hunc
2396 1013 2683 1076 eundem
2724 1029 3029 1089 numum,
3064 1030 3267 1097 quem

259 1109 570 1173 Eximius
636 1109 791 1173 hic
813 1102 1093 1175 raritate
1158 1133 1403 1178 numus
1475 1112 1676 1198 plura
1755 1111 2166 1177 Vaillantius
2202 1111 2273 1173 in
2321 1119 2598 1176 moneta
2628 1107 2942 1170 Domnae
2995 1104 3092 1188 ,fic
3153 1108 3263 1170 de-

168 1201 369 1268 offert
414 1216 655 1268 notatu
717 1207 942 1292 digna.
1060 1203 1364 1293 Iuppiter
1428 1208 1677 1275 Potens
1752 1207 2016 1271 scribit:
2073 1202 2730 1272 en1.A1³x.A‘rPH.
2769 1201 3266 1270 AloNrCJo'r.

162 1300 464 1363 nondum
503 1301 707 1364 credo
742 1301 911 1365 alibi
960 1301 1093 1367 hoc
1139 1307 1538 1390 cognomine
1571 1324 1672 1367 re·
1753 1300 2276 1368 ΚΙΛΒΙΑΝΩΝ.
2331 1299 2553 1364 ΤΩΝ.
2603 1297 2818 1362 ΑΝΩ.
2848 1342 2867 1373 ,
2924 1317 3099 1381 quae
3174 1298 3264 1360 le-

161 1406 418 1480 pertuS,
469 1393 515 1458 fi
542 1397 752 1459 modo
785 1398 1155 1483 epigraphe
1188 1411 1367 1468 recte
1415 1419 1502 1464 ex
1534 1398 1667 1464 hoc
1714 1400 1889 1462 ‘ctio
1941 1398 2156 1464 multo
2240 1394 2601 1480 simplicior
2661 1392 2849 1456 haud
2918 1392 3122 1462 dubie
3181 1389 3272 1454 est

162 1508 371 1553 numo
416 1502 623 1575 capta
650 1489 806 1556 fuit.
906 1491 1190 1555 Interim·
1233 1498 1419 1578 cnjus
1455 1494 1529 1558 fit
1550 1514 1667 1558 na·
1749 1492 2221 1579 praeferenda.
2356 1489 2635 1552 Nullum
2712 1508 2873 1573 ergo
2937 1486 3265 1553 hactenus

166 1597 357 1648 turae
389 1585 700 1649 additum
736 1583 907 1649 istud
940 1585 1093 1650 Iovi
1133 1588 1451 1674 elogium,
1483 1608 1672 1675 pror·
1758 1582 2031 1653 certum·
2081 1587 2414 1654 habemus
2464 1585 2662 1668 hujus
2725 1583 2909 1650 urbis
2974 1582 3266 1672 impera-

166 1679 268 1743 sue
323 1681 593 1767 ignoro.
693 1679 961 1743 Deinde
1011 1682 1250 1761 docet,
1330 1682 1673 1770 magistra-
1754 1686 2030 1756 torinn-

165 1787 308 1839 tum
328 1785 694 1860 praetorem
735 1775 888 1839 urbi
930 1775 1324 1861 praefuisse,
1377 1799 1458 1843 ac
1487 1780 1668 1843 deni·
1852 1809 1891 1854 t
2173 1861 2182 1870 ι

163 1890 295 1955 que
332 1871 546 1933 etiam
577 1877 720 1957 ejus
747 1869 941 1934 {itum
979 1871 1303 1938 hactenus
1345 1876 1677 1940 incertum
2181 1874 2335 1941 Do
2351 1870 2458 1944 CI
2466 1871 2555 1940 Μ
2566 1873 2633 1939 Ε
2648 1871 2722 1941 V
2730 1873 2834 1961 Mg

161 1963 449 2030 illustrat
478 1964 670 2030 facta
726 1967 1087 2031 Maeandri
1135 1971 1514 2048 mentione,
1567 1971 1679 2034 cui

166 2062 344 2128 adeo
378 2073 504 2125 aut
539 2061 751 2127 adfita
786 2060 956 2139 fuit,
1010 2077 1129 2128 aut
1157 2061 1392 2130 saltem
1424 2068 1676 2131 vicina.
1852 2061 2198 2151 Phrygiae
2230 2054 2543 2151 m'agn'ae.

915 2156 945 2192 Q

263 2208 1749 2338 CaputBacchifaemoNrb„MENEK··.
2171 2252 2802 2325 Autonom'ie·

157 2348 453 2417 Bacchus
459 2351 664 2437 stans
713 2347 859 2415 ΑΕ.
909 2345 998 2413 11.
1037 2351 1492 2436 (Neumann.)

261 2446 390 2510 Vir
460 2445 761 2511 eruditus
829 2444 988 2507 huic
1049 2446 1506 2532 Dionysopoli
1565 2469 1680 2510 nu·
1863 2445 2072 2531 Caput
2091 2446 2365 2529 Juvem'le
2395 2451 2669 2533 nudum,
2713 2470 2874 2532 prae
2916 2471 3038 2534 quo
3083 2449 3280 2515 cada-

158 2560 353 2605 mum
387 2540 569 2603 hunc
603 2539 880 2616 tribuit,
932 2540 1094 2621 quia
1125 2539 1309 2601 idem
1346 2540 1685 2625 magistra·
1767 2559 1927 2604 ceus.
1978 2547 2037 2613 π
2093 2541 2578 2610 ΔΟΚΙΜΕΩΝ.
2648 2542 3055 2610 Monticutus.
3134 2545 3277 2608 AE.

156 2648 272 2699 tus
330 2635 981 2699 ΜΕΝΕΚΡΑΤΗΣ
1035 2631 1124 2698 est
1157 2635 1228 2699 in
1265 2645 1474 2699 numo
1521 2635 1689 2700 vici·
1766 2634 1891 2698 III.
1943 2634 2303 2719 (Pellerin.
2323 2631 2355 2715 )
2462 2691 2470 2698 .

157 2747 299 2800 nae
331 2730 734 2793 Eumeniae.
1869 2727 2113 2813 Capite
2157 2731 2422 2795 anticae
2468 2743 2589 2797 aut
2641 2729 2889 2796 Caesar
2922 2733 3290 2819 quispiam,

913 2826 948 2861 ³
1772 2837 1891 2890 aut
1914 2825 2248 2890 Antinous
2281 2827 2605 2893 Mercurii
2646 2827 2864 2913 specie
2902 2827 3292 2915 propofltus

270 2917 509 3003 Supra
554 2919 623 2982 in
686 2918 1145 3009 Dionysopoli
1192 2918 1535 2987 Thraciae
1575 2942 1689 2987 au·
1771 2920 2065 2985 videtur.
2166 2908 2462 2985 Averrae
2503 2935 2674 3009 typo
2733 2924 3115 2987 indicantur
3173 2941 3287 2987 ce

157 3028 500 3081 tonomos
538 3016 767 3099 plures
799 3014 935 3079 hoc
1006 3019 1279 3080 nomine
1338 3019 1691 3104 inscriptos
1772 3015 1995 3081 lebres
2032 3013 2232 3099 hujus
2277 3016 2411 3079 loci
2451 3018 2827 3097 latomiae,
2905 3018 2989 3082 de
3042 3019 3286 3103 quibus

155 3108 547 3197 proposui,
598 3111 713 3194 qui
749 3129 1011 3193 aeque
1032 3116 1123 3177 ad
1144 3113 1322 3179 hanc
1353 3112 1694 3202 Phrygiae
1775 3110 2068 3178 Strabo.
2139 3112 2408 3175 ἑπεκεινα
2450 3104 2505 3175 δ’
2580 3114 2666 3181 ἐςι
2721 3116 2990 3198 Δοκιμια
3063 3132 3288 3196 κωμη,

92 3217 107 3235 “
158 3206 407 3270 urbem
473 3204 734 3293 poss'ent
776 3208 1133 3290 pertinere.
1774 3226 1880 3273 και
1924 3226 1992 3272 το
2042 3212 2336 3292 λατομιον
2396 3226 2465 3272 τε
2522 3207 2856 3273 Συννσιδικε
2913 3208 3095 3285 mss,
3161 3199 3287 3273 ἑτω

253 3301 419 3369 ΑΕ.
474 3297 741 3368 RRRR.
1773 3322 1884 3388 μεν
1923 3304 2202 3386 Ρωμαιοι
2236 3305 2480 3381 καλυσι,
2517 3296 2572 3368 ὁι
2629 3297 2681 3366 δ’
2750 3305 3064 3391 ἐπιχωριοι
3109 3306 3290 3367 Aom-

202 3408 211 3413 “
1773 3416 1951 3481 μιτην
2009 3418 2114 3461 και
2171 3400 2530 3479 Δοκιμαιαν.
2630 3398 2805 3463 IHinc
2867 3403 2941 3486 est
3003 3400 3333 3464 Docimia*

599 3491 786 3581 Imp
805 3515 839 3562 e
861 3514 963 3562 ra
983 3504 1013 3561 t
1035 3516 1071 3562 o
1093 3496 1178 3563 ri
1200 3493 1280 3563 i..-
1767 3514 2022 3579 pagus,
2073 3502 2134 3556 et
2198 3484 2564 3577 lapicidinae
2609 3492 2953 3577 Synnadici
3019 3492 3294 3577 lapidis,

1774 3598 1851 3653 ut
1890 3588 2131 3673 quidem
2175 3588 2444 3653 Romam*
2506 3600 2775 3669 vocant,
2855 3600 2926 3655 at
2961 3588 3292 3674 indigenae

252 3686 489 3772 Hujus
542 3686 802 3772 generis}
853 3708 1133 3753 numum
1196 3689 1512 3754 Domnae
1559 3687 1694 3752 huc
1774 3682 2130 3751 Docimiten
2154 3695 2213 3749 et
2248 3684 2673 3753 Decimaeam.
2772 3687 2877 3750 De
2932 3686 3067 3749 hoc
3123 3686 3295 3772 lapi-

151 3797 374 3848 vocat
432 3802 615 3846 unus
686 3785 1074 3848 Harduinus
1111 3832 1130 3863 ,
1216 3785 1330 3868 qui
1394 3804 1548 3848 eum
1608 3782 1694 3849 fic
1776 3783 1861 3846 de
1908 3780 2069 3845 vide
2119 3779 2298 3845 infra
2344 3783 2545 3868 plura
2581 3785 2650 3846 in
2703 3778 3047 3867 Synnade.

149 3878 553 3956 describit·
638 3876 1043 3945 ΔΙΟΝΤΕΟ.
1122 3881 1206 3944 Κ.
1282 3880 1730 3956 ΜΗΤΡΟΠ.
2529 3879 2576 3913 ¹¹·

150 3975 326 4040 cm.
359 3974 581 4038 APx.
614 3972 877 4036 ATPH.
911 3972 1432 4040 ΚΙΛΒΙΑΝΩΝ.
1467 3975 1689 4039 ΤΩΝ.
1874 3971 2294 4039 AOKIMOC.
2321 3972 2523 4059 Caput
2556 3971 2889 4039 barbatum
2919 3974 3292 4042 laureatum.

149 4070 422 4147 ΑΝΩ.,
479 4068 849 4131 secundum
912 4089 1118 4151 quam
1158 4066 1517 4134 lectionem
1576 4070 1693 4134 tri-
1771 4074 1831 4143 x
1870 4067 2361 4132 ΔΟΚΙΜΕΩΝ.
2439 4068 2845 4156 Aesculapius
2888 4073 3093 4155 stans.
3149 4072 3297 4137 AE.

148 4165 413 4250 plicem
469 4162 921 4225 concordiam
975 4165 1147 4227 inter
1184 4154 1310 4226 hos
1350 4164 1685 4251 Dionyso·
1772 4158 2288 4247 11.(Pe11eri11‚
2339 4163 2660 4248 Arigoni,
2716 4161 3098 4245 Harduiu.)

149 4260 469 4345 politae,
528 4256 1041 4341 MetropolitaS,
1093 4270 1162 4321 et
1199 4257 1546 4324 Cilbianos
1572 4280 1685 4323 ex·
1865 4256 2235 4322 Docimum
2277 4256 2729 4321 Macedonem
2783 4259 3091 4323 nominat
3123 4262 3298 4323 Pau-

150 4368 475 4440 torquet.
580 4352 801 4415 Nemo
861 4355 987 4416 erit
1015 4354 1249 4438 paullo
1292 4356 1640 4418 cordatior
1669 4400 1689 4432 ,
1777 4355 1994 4419 sanias
2049 4371 2258 4415 unum
2300 4368 2386 4414 ex
2432 4355 2760 4438 Antigoni
2812 4354 3136 4433 ducibus,
3191 4354 3306 4417 sed

151 4451 267 4513 cui
300 4451 563 4515 luxata
606 4444 779 4514 haec
814 4449 1185 4535 epigraphe
1240 4452 1325 4513 de
1366 4451 1692 4539 'lectionis
1779 4452 1890 4536 qui
1942 4447 2178 4537 postea
2221 4451 2310 4512 ad
2360 4447 2837 4531 Lysimachum
2909 4449 3183 4514 defecit.
3239 4447 3303 4531 ⁸)

225 4656 284 4726 a>
326 4655 506 4710 Attio.
545 4669 673 4729 cap,
706 4664 762 4721 8,
