4125 5500
692 516 787 591 ες
1230 624 1237 629 ,
1620 586 1625 591 ,
1977 506 2540 603 σιιιοῐΑ.

1126 712 1412 800 Im'per
1433 730 1477 779 a
1496 714 1583 779 ἕο
1603 710 1756 785 rii.
1912 750 1921 759 ·
2276 732 2416 799 quo
2453 711 2655 779 serius
2687 705 2762 777 in
2791 718 3002 807 numo
3041 699 3378 779 Gordiani
3401 710 3592 802 apud
3612 704 3812 787 Vass.

2272 810 2582 877 lantiam.
2649 811 2892 876 Verius
2907 810 3183 875 videtur
3199 811 3590 878 libertatem
3607 813 3802 884 suam

732 942 745 967 x
786 907 915 982 Ab.
948 906 1304 977 Hadriano
1359 928 1576 994 usque
1646 911 1741 975 ad
1786 906 2196 976 Gallienum.
2277 907 2530 973 debere
2561 904 2858 995 Augusto
2877 952 2898 984 ‚
2933 908 3052 991 qui
3081 926 3238 971 cum
3268 906 3586 975 Ciliciam
3606 913 3796 1000 aspe-

691 1012 980 1085 Additur
1060 1004 1438 1073 constanter
1510 1003 1954 1091 Calycadnun
1981 1055 2002 1086 ,
2087 1020 2199 1099 qt:
2279 1023 2431 1068 ram
2468 1004 2813 1069 Archelao
2847 1004 2992 1089 regi
3024 1003 3414 1086 subieciss'et,
3465 1006 3648 1073 hanc
3685 1022 3802 1075 ta-·

688 1086 2201 1176 CGAGTKan.TnN.11PoCKAATKAA-
2285 1121 2441 1166 men
2473 1100 2859 1166 Seleuciam
2902 1100 3199 1180 exemit,
3251 1113 3328 1165 ut
3364 1097 3578 1189 refert
3617 1104 3802 1177 Stra.

684 1208 835 1273 ΝΩ.
950 1200 1115 1265 Illos
1152 1248 1174 1279 ‚
1249 1199 1368 1284 qui
1437 1196 1832 1265 ferebantur
1901 1201 2203 1289 inscripti
2284 1192 2496 1280 bo.'·f)

682 1293 1618 1370 ΚΛΑΤΔΙΟΕΕΛΕΤΚΕΩΝ
1635 1343 1656 1375 ,
1708 1297 2080 1385 aliquando
2101 1296 2199 1362 su'-
2376 1294 2757 1381 Metropolis
2785 1294 3119 1358 honorem
3158 1294 3367 1359 credo
3411 1315 3522 1361 me
3557 1297 3798 1385 depre-

678 1394 1002 1485 spicabar
1032 1392 1214 1456 male
1233 1384 1486 1470 lectos,
1524 1391 1609 1457 fic
1641 1404 1721 1456 ut
1751 1413 1879 1480 pro
1912 1396 2196 1459 KAAT-
2276 1389 2577 1458 hendere
2605 1393 2678 1455 in
2719 1410 2928 1455 numo
2968 1388 3268 1455 Gallieni
3304 1391 3514 1456 musei
3551 1392 3800 1462 caera-·

672 1497 860 1562 ΔΙΟ.
896 1490 1254 1577 legendum
1286 1487 1844 1570 tit-KAATKA„
1894 1489 2010 1553 red
2038 1488 2197 1555 ratis
2277 1490 2380 1552 rei
2403 1537 2423 1567 ,
2473 1489 2544 1552 in
2583 1491 2770 1573 cujus
2811 1507 2979 1553 area
2997 1485 3154 1572 lego
3180 1487 3337 1552 MR.
3388 1487 3616 1555 Serius
3649 1510 3804 1557 cer-

684 1607 869 1655 nunc
891 1586 1071 1650 mihi
1106 1582 1362 1651 constat
1380 1633 1399 1665 ,
1451 1586 1812 1673 genuinam
1850 1585 2032 1651 hanc
2072 1586 2200 1649 effe
2280 1595 2425 1648 mm
2489 1583 2578 1648 est
2602 1631 2624 1664 ‚
2690 1582 2884 1650 fuiss'e
2950 1582 3332 1648 Seleuciam
3381 1588 3797 1673 metropolin

683 1685 1074 1751 lectionem.
1173 1683 1413 1767 Neque
1442 1697 1676 1748 tamen
1717 1683 1793 1747 hi
1827 1683 2017 1747 numi
2056 1680 2203 1747 sunt
2280 1680 2577 1745 Ihm-iae
2601 1727 2624 1760 ,
2674 1693 2751 1746 ut
2802 1700 2892 1749 ex
2935 1679 3215 1745 Nuntii:
3265 1680 3520 1768 probat
3572 1680 3799 1767 Cena:

683 1780 887 1864 hujus
916 1778 1310 1858 Seleuciae,
1361 1792 1438 1844 ut
1470 1779 1684 1847 virum
1722 1779 2101 1845 Vaillantio
2137 1791 2207 1844 et
2285 1777 2448 1843 rius.
2479 1784 2538 1856 ⁸)
2843 1816 2852 1823 ·
3493 1827 3504 1831 -

684 1877 1059 1944 Pellerinio
1075 1923 1095 1955 ,
1155 1874 1275 1940 red
1323 1875 1674 1942 Seleuciae
1722 1874 2011 1941 Pilidiae
2041 1922 2066 1957 ,
2129 1889 2207 1941 ut
2864 1924 2897 1958 ‚
3219 1926 3252 1960 ‚

684 1974 761 2045 in
797 1974 934 2038 hac
969 1971 1449 2058 comprobavi.
2381 1970 2812 2059 Magistrum
2865 1971 3232 2037 decurtatis
3296 1993 3534 2040 eorum
3582 1979 3804 2043 nomi·

792 2074 949 2157 Typi
976 2098 1001 2137 .-
1048 2070 1463 2154 Proponitur
1514 2070 1714 2157 saepe
1753 2068 1972 2141 Pallas
2017 2068 2206 2137 diuni-
2283 2067 2484 2133 nibu-
2509 2068 2951 2135 inscribuntur
2973 2068 3364 2137 autonomis
3379 2072 3569 2137 nulla
3585 2073 3791 2160 digni-

682 2189 855 2237 cans-
873 2188 1009 2235 cum
1047 2168 1311 2250 movfiro
1350 2166 1621 2234 barbato
1660 2171 1733 2232 in
1758 2171 2045 2255 gemines
2081 2190 2199 2236 an·
2279 2166 2444 2231 tatis
2479 2167 2845 2233 mentione.
2943 2166 3024 2231 Ia
3050 2167 3512 2259 imperatoriis
3540 2169 3798 2239 nullum

682 2286 843 2353 gaes
872 2265 1160 2354 definiente
1186 2310 1208 2343 ,
1260 2266 1448 2349 quod
1503 2265 1733 2346 inique
1785 2266 2202 2331 Vaillantiua
2282 2282 2524 2329 eorum
2547 2263 2906 2335 indicium.

685 2363 818 2443 effe
865 2363 1228 2425 Tritonem
1277 2361 1562 2438 adserit,
1612 2379 1853 2426 verum
1904 2362 2032 2424 ess‘e
2084 2358 2201 2424 Gi·
2307 2358 2314 2367 ’
2846 2412 2878 2446 ,
3019 2360 3058 2396 ‘
3205 2415 3238 2448 ,

687 2469 966 2547 gantem
987 2504 1007 2537 ,
1077 2453 1348 2519 abunde
1399 2456 1575 2521 alias
1628 2448 2102 2542 comprobavi.
2131 2454 2200 2539 ²¹)
2378 2456 2656 2543 Signum
2693 2458 2957 2546 ἔνιψα
2990 2458 3318 2524 exhibens
3361 2463 3802 2549 triangulum,

679 2556 893 2621 Haud
927 2552 1131 2621 dubie
1162 2553 1221 2616 is
1254 2550 1498 2637 estipst
1527 2553 1906 2637 Typhoeus
1927 2600 1948 2632 ‚
1986 2573 2191 2638 quem
2272 2553 2389 2618 vel
2426 2556 2482 2620 Δ
2505 2601 2524 2633 ,
2577 2556 2688 2618 cui
2723 2554 3116 2641 inscriptum
3165 2556 3228 2621 O
3250 2604 3272 2635 ,
3341 2559 3412 2622 in
3470 2562 3788 2626 omnibus

677 2650 873 2716 fuiss'e
907 2647 1230 2728 Cilicem,
1278 2649 1827 2728 traditNonnus‚
1868 2645 1933 2733 ¹³)
1972 2663 2041 2714 et
2079 2671 2188 2715 cu·
2270 2648 2418 2714 fere
2472 2649 2669 2733 hujus
2721 2650 2910 2715 urbis
2975 2653 3199 2717 numia
3241 2653 3366 2717 sub
3436 2653 3805 2722 Gordiano*

674 2753 782 2832 jus
828 2745 1050 2812 cubile
1079 2743 1270 2812 fuiss'e
1310 2751 1528 2832 prope'
1568 2744 1956 2831 Corycum,
2010 2767 2190 2832 quae
2271 2746 2543 2833 lignatis
2597 2763 2956 2835 comparet
2986 2796 3008 2832 ,
3081 2751 3173 2814 de
3229 2770 3367 2836 quo
3429 2754 3593 2822 vide
3645 2753 3796 2819 Pel·

678 2844 1033 2911 Seleuciae
1063 2846 1294 2911 vicina
1329 2841 1495 2924 fuit,
1547 2841 1758 2910 refert
1794 2845 2006 2910 Mela.
2055 2842 2119 2929 ⁰)
2288 2843 2627 2912 lerinium.
2651 2843 2728 2928 Ρ)

636 2993 655 3022 .·
791 2941 1028 3009 Tituli.-
1640 2959 1649 2964 ·
2388 2941 2542 3006 ΑΕ.
2591 2941 2674 3005 R.

783 3036 1295 3105 GAGToc-:PAC
1330 3033 1593 3119 saepius
1650 3035 1886 3113 addit,
1936 3049 2007 3102 ct
2057 3036 2204 3120 qni·
2445 3077 2460 3086 -
2763 3045 2773 3051 “

670 3136 850 3199 dem
888 3152 1044 3195 cum
1102 3130 1585 3207 ostentatione,
1637 3142 1712 3192 ut
1758 3149 1914 3196 cum
1970 3133 2205 3198 Victo·
2771 3133 2987 3206 SEL
3004 3142 3058 3208 Ῑ
3066 3143 3146 3210 Ν
3164 3142 3328 3214 VS,

686 3231 798 3296 ria
825 3227 1236 3313 explicatum
1264 3236 1449 3288 tenet
1464 3224 1787 3289 volumen
1810 3227 1878 3289 in
1901 3225 2201 3293 formam
2781 3245 2789 3254 ’
2881 3273 2888 3280 -
3601 3282 3608 3288 .

637 3375 645 3381 .
688 3329 832 3409 ejus
853 3372 874 3404 ,
928 3324 1112 3409 quod
1164 3322 1323 3386 Itali
1364 3321 1520 3388 coda
1565 3319 1633 3387 dc
1668 3321 1931 3390 randena
1964 3326 2197 3412 appel·
2376 3326 2457 3391 In
2497 3327 2819 3395 Trachea
2857 3336 2948 3400 ad
2975 3334 3258 3403 fluvium
3294 3340 3793 3429 cognominem,

544 3481 551 3486 .
685 3422 837 3487 lant
865 3469 891 3500 ,
958 3421 1066 3485 cui
1113 3417 1531 3485 vocabulum
1571 3418 1742 3484 illud
1788 3420 1878 3486 est
1925 3423 2196 3509 inscrip-
2278 3420 2565 3509 Trajani
2647 3439 2869 3494 morte
2943 3434 3442 3504 celebritatem·
3499 3439 3789 3504 nominis

686 3531 833 3584 tum
855 3567 875 3597 ‚
913 3512 977 3600 ὅ)
1031 3518 1228 3582 aliter
1274 3518 1346 3581 in
1394 3516 1548 3582 aliie
1570 3562 1588 3593 ,
1639 3516 1753 3579 red
1796 3519 2195 3604 plerumque
2277 3534 2505 3589 nacta.

686 3580 1077 3682 ostentantis
1133 3632 1345 3677 more.
1449 3610 1684 3675 Censet
1735 3614 2150 3681 Vaillantius
2173 3664 2194 3696 ‚
2233 3651 2240 3656 ·
2380 3621 2846 3708 Imperator-ias
2875 3624 3183 3694 Lucinae
3217 3633 3538 3699 laudatur
3572 3634 3640 3698 in
3666 3631 3791 3698 Ca·

684 3714 764 3777 id
799 3710 1231 3797 privilegium
1262 3707 1413 3771 urbi
1451 3708 1824 3774 concess'utn
1846 3731 1893 3775 a
1914 3710 2202 3778 Gordia·
2283 3711 2519 3804 talo'go
2555 3720 2915 3804 d’Ennery:
2968 3725 3162 3812 (pag.
3195 3735 3389 3812 598.)

686 3825 844 3885 no,
874 3804 1413 3890 quoniam·hunc
1439 3806 1705 3869 titulum
1732 3808 1801 3871 in
1838 3806 2033 3890 hujus
2065 3813 2199 3897 pri·
2383 3815 3499 3911 CCAlNOTCln.Dianago-adiens.
3518 3809 3659 3893 AE.
3677 3829 3791 3896 111.

689 3923 879 3968 mum
932 3902 1151 3983 numis
1190 3915 1575 3989 repererat3
1625 3899 1738 3968 sed
1794 3905 2199 3974 beneficium
2380 3909 2729 3997 Stephano
2788 3918 3037 3999 gentile
3091 3919 3450 3987 Selinuntis
3525 3925 3794 3992 Siciliae

684 3997 859 4064 istud
913 3998 1302 4065 Pellerinius
1349 4002 1422 4064 in
1463 3999 1929 4067 Alexandrum
1975 4005 2046 4068 vi
2078 4024 2192 4070 nu·
2282 4004 2371 4070 est
2429 4009 2807 4090 Σελινεντιος
2871 4025 2939 4077 et
2997 4017 3366 4099 Σελινεσιος.
3467 4021 3789 4103 Ejusdem

686 4097 786 4162 mi
815 4096 910 4160 sui
940 4095 1219 4162 confert.
1253 4096 1316 4180 ⁶)
1418 4098 1669 4162 Verum
1691 4103 1837 4183 jam
1868 4102 1939 4163 in
1978 4100 2194 4168 Cara-
2274 4104 2561 4169 rationis
2636 4125 2791 4171 cum
2860 4106 3067 4174 fuerit
3125 4111 3385 4181 Selinus
3449 4116 3738 4183 Ciliciae
3767 4166 3791 4199 ,

687 4192 909 4263 callae
942 4211 1146 4258 numo
1181 4196 1370 4281 apud
1401 4197 1987 4282 Arigonium'eum
2021 4211 2190 4264 tem·
2273 4212 2548 4286 poterat
2601 4213 2958 4289 utrumque
3024 4209 3232 4278 etiam
3291 4209 3538 4300 g'entile
3611 4197 3787 4279 usur-

684 4291 871 4379 pello
925 4290 1132 4356 video
1190 4292 1575 4378 inscriptum
1622 4296 1866 4359 eodem
1926 4298 2140 4360 modo
2166 4341 2189 4377 ,
2273 4317 2466 4383 pare,
3515 4315 3524 4332 ¹

703 4439 3811 4489 ιἱ---------------·---------ι----------------ι·-----ι--ι------ι-ι.....---...-...,-..,,,.,,,,,-,,,--,,,,,,,“,,,

753 4523 821 4588 a)
855 4513 1166 4602 Numavet.
1201 4542 1259 4597 p.
1298 4517 1418 4593 230.
1610 4526 1666 4592 b)
1704 4526 1938 4601 Dionys.
1972 4529 2043 4591 L,
2080 4530 2126 4582 Ι.
2163 4547 2217 4583 v.
2260 4544 2373 4602 155.
2545 4529 2594 4594 c)
2632 4530 2696 4583 L.
2733 4534 2780 4587 1.
2824 4547 2868 4590 c.
2911 4554 2991 4605 13·
3202 4534 3258 4603 d)
3299 4540 3555 4595 Pellerin.
3592 4541 3795 4617 Suppl.

683 4592 760 4651 11.
794 4611 853 4667 p.
883 4611 974 4668 57.
1042 4633 1053 4645 .
1150 4595 1200 4660 e)
1237 4594 1273 4648 l.
1309 4613 1356 4649 c.
1527 4597 1570 4664 s)
1604 4596 1668 4652 L.
1705 4597 1865 4652 XIV.
1901 4617 1961 4671 p.
1999 4615 2073 4658 m.
2110 4609 2231 4667 987.
2405 4600 2456 4671 g)
2494 4615 2622 4670 pag.
2663 4616 2776 4671 ¹94·
2953 4606 3012 4676 h)
3047 4606 3245 4680 Suppl.
3282 4611 3357 4664 11.
3392 4627 3450 4683 p.
3490 4621 3574 4674 84.
