4125 5500
808 577 942 649 238

819 762 968 825 T
976 782 1008 824 υ
1042 759 1105 824 δε
1136 764 1391 835 κεξωιίος
1431 756 1652 839 ἔμεινεν
1687 757 1747 822 ἐν
1782 749 2045 856 ὑψηλοιο
2077 778 2324 845 καρηνῳ

891 863 1228 937 Ληεαντων
1271 845 1530 917 ὑδατων.

889 955 995 1042 Est
1028 970 1177 1015 vero
1215 952 1284 1014 in
1316 948 1643 1034 Phrygiae
1677 948 1977 1015 Celaenas·
1983 954 2327 1019 continente

893 1043 1235 1137 Imcceffus
1268 1045 1451 1131 longe
1482 1059 1816 1131 porrectus
1864 1069 2087 1130 mons,
2138 1049 2326 1117 Ara-

1481 1155 1593 1210 rat
1625 1164 1772 1210 vero
1806 1157 2106 1224 vocatur,
2148 1187 2171 1200 ·
2203 1185 2226 1198 -

886 1242 1047 1310 Inde
1082 1242 1420 1330 nascuntur
1443 1238 1665 1327 fontes
1682 1245 2102 1329 magnistuvii
2121 1235 2328 1311 Mar-

2089 1363 2231 1425 yae.

878 1439 969 1502 In
1028 1432 1216 1520 hujus
1228 1433 1500 1522 sublimi·
1510 1436 1739 1502 vertice
1766 1455 1921 1503 arca
1961 1343 2231 1532 quise-vit

883 1530 1329 1598 Recedentibus
1375 1537 1582 1620 aquit.

793 1631 903 1695 Ex
932 1631 1068 1694 hoc
1110 1626 1551 1709 testimonio,
1608 1651 1784 1717 quae
1842 1632 1934 1695 ad
1983 1650 2132 1694 rem
2180 1649 2316 1694 me-

797 1748 929 1793 am·
952 1726 1239 1803 faciunt,
1290 1729 1633 1812 capienda
1668 1727 2048 1812 sequentia:
2105 1728 2162 1790 1.
2199 1730 2318 1789 At-

795 1824 1074 1909 tingitur
1116 1822 1223 1888 his
1255 1821 1552 1887 versibus
1616 1823 1951 1887 diluvium
1975 1870 1995 1900 ‚
2047 1834 2124 1885 ut
2175 1821 2319 1885 fua·

791 1934 911 2008 pte
926 1932 1143 2005 patet,
1163 1918 1253 1983 11.
1284 1938 1422 1982 non
1438 1933 1605 1984 vero
1629 1919 1801 1983 illud
1831 1918 2320 1994 Deucalionis„

803 2036 968 2081 nam
990 2018 1058 2079 in
1075 2014 1210 2079 hoc
1244 2035 1407 2078 arca
1422 2015 1742 2101 quieviss'e
1758 2015 2110 2079 ferebatur
2128 2015 2324 2101 super

792 2124 1024 2192 monte
1058 2111 1406 2192 Parnassb,
1439 2112 1555 2177 sed
1582 2113 1870 2186 Noemi3
1919 2111 2120 2195 hujus
2140 2112 2324 2176 enim

791 2208 1329 2274 decrescentibus
1397 2210 1600 2295 aquis
1655 2228 1743 2272 ex
1809 2222 2120 2274 veterum
2167 2208 2320 2272 scri-

793 2317 1072 2391 ptorum
1111 2315 1335 2370 mente
1386 2308 1723 2391 requievit
1762 2324 1929 2369 arca
1971 2305 2040 2368 in
2090 2316 2324 2369 monte

764 2403 1109 2464 Ararat„
1170 2400 1296 2464 ΠΙ.
1348 2402 1638 2476 Locus„
1692 2402 1809 2460 ubi
1860 2401 2030 2462 istud
2099 2401 2322 2463 ’conti-

795 2494 954 2581 giss'e
989 2493 1275 2571 dicitur,
1326 2495 1757 2570 evidentibus
1808 2495 2324 2560 characteribua

792 2589 1196 2676 designatur,
1230 2611 1474 2677 nempe
1503 2591 1679 2656 haec
1716 2589 1939 2664 nostra
1976 2594 2324 2677 Apamea,

791 2690 1089 2774 primum
1148 2688 1488 2753 mentione
1546 2687 1894 2774 Phrygiae
1966 2691 2321 2771 Κελαινης,

789 2805 953 2847 nam
994 2783 1154 2848 hulc
1194 2788 1552 2870 Apameae
1595 2785 1762 2848 olim
1809 2784 2003 2849 fuiss'e
2076 2806 2328 2850 nomen

797 2882 1122 2957 Celaenae,
1177 2881 1378 2965 supra
1458 2882 1799 2959 diximus,
1852 2882 2098 2946 deinde
2143 2902 2325 2947 men·

788 2979 977 3040 tione
1006 2977 1349 3061 -marsyae
1419 2973 1755 3053 fluminis»,
1833 2979 1943 3039 cui
2012 2980 2333 3061 Apamea

720 3084 725 3090 “
795 3072 1011 3135 adsita
1038 3116 1057 3146 ‚
1110 3071 1513 3152 deniqueet
1559 3072 1907 3133 advocato
1941 3084 2329 3155 opportune

798 3164 1147 3229 vocabulo
1184 3171 1482 3241 κιξωτος,
1534 3166 1725 3248 quod
1770 3166 1935 3227 item
1998 3178 2192 3229 vietus
2225 3165 2329 3229 fu

794 3262 914 3326 iss'e
945 3259 1098 3322 urbi
1135 3279 1383 3324 nomen
1432 3261 1841 3329 monuimus.
1926 3259 2119 3324 *Cum
2167 3282 2328 3349 ergo

748 3438 757 3451 „
802 3370 998 3426 vetus
1058 3355 1255 3421 fama
1302 3357 1707 3433 obtinuerit,
1761 3368 2019 3420 arcam·
2062 3359 2326 3424 diluvio

780 3455 1103 3542 „elapsam
1131 3455 1318 3539 apud
1340 3454 1517 3517 hanc
1544 3456 1932 3540 Apameam
1962 3454 2327 3536 substitisse,

786 3569 1009 3640 -atque
1054 3551 1191 3617 hoc
1242 3549 1577 3615 diluvium
1630 3549 1705 3621 lit
1760 3550 2068 3628 Noemi„
2117 3552 2330 3638 sequi.

790 3666 917 3738 ,tur
947 3651 1157 3711 etiam
1182 3690 1204 3722 ,
1254 3645 1653 3730 Apamenfis
1697 3645 1895 3728 hujus
1928 3649 2118 3711 numi
2161 3663 2332 3734 typo

800 3743 1309 3827 intelligendum
1336 3741 1829 3824 cataclysmum
1846 3742 1915 3805 N
1920 3745 2336 3824 oemiticum,

804 3842 925 3928 qui
959 3838 1287 3923 privatim
1334 3839 1431 3901 ad'
1467 3836 1531 3899 se
1552 3840 1930 3923 pertinuit,
1956 3840 2120 3902 -ιιόιι
2154 3840 2336 3904 Deu-

804 3936 1235 4012 calioneum‚
1282 3939 1470 4019 cujus
1528 3936 1597 3998 in
1635 3948 1915 4001 moneta
1951 3956 2334 4001 memoran-

802 4036 875 4099 di
934 4034 1206 4099 causam
1261 4035 1718 4121 propinquam
1793 4052 1928 4096 non
2001 4033 2338 4103 habuere.

805 4131 1027 4207 Nolo,
1082 4130 1249 4192 mihi
1287 4131 1436 4227 quis
1469 4128 1811 4195 infirmam
1840 4128 2330 4212 Sibyllinorum

804 4226 1012 4290 fidem
1056 4226 1373 4308 objiciat,
1455 4247 1660 4310 quam
1729 4229 1866 4292 scio
1898 4277 1917 4307 ‚

708 4408 717 4415 ¹
811 4418 1125 4505 praesens
1156 4413 1495 4502 postulat.
1570 4419 1749 4517 Satis
1824 4420 2132 4496 constat,
2205 4418 2326 4479 ho-

1996 4248 2203 4313 quam
2258 4227 2350 4291 sit

780 4324 1103 4408 «exigua,
1177 4340 1392 4404 neque
1453 4325 1628 4384 enim
1690 4326 2051 4388 certior-em
2125 4325 2382 4385 cauca.-

2040 550 2690 654 ΡΗΒῩΕΙΛ,

2381 779 2554 824 .rum
2586 768 2904 823 auctores
2934 767 3412 845 quameunque
3440 750 3712 821 famam
3746 753 3940 825 fuiss'e

2403 856 2693 933 secutos,
2745 875 2987 941 parum
3026 853 3353 930 solicitos,
3388 864 3726 939 quantam
3766 855 3940 921 haec

2404 952 2611 1020 fidem
2672 962 3164 1038 promereatur.
3264 950 3448 1037 Ergo
3525 962 3594 1013 et
3649 966 3935 1034 auctor,

2409 1051 2524 1135 qui
2555 1048 2915 1126 fabulam,
2967 1051 3036 1112 in
3075 1067 3216 1132 qua
3260 1047 3532 1123 sumus,
3582 1050 3929 1133 prodidit,

2405 1167 2544 1210 non
2591 1165 2745 1209 eam
2783 1147 2921 1232 ipse
2956 1145 3191 1221 finxit,
3243 1145 3357 1208 sed
3400 1145 3490 1207 ab
3527 1144 3690 1208 aliia
3723 1148 3929 1211 tradi·

2405 1256 2555 1306 tam
2591 1243 2663 1306 in
2731 1261 3005 1305 carmen
3071 1241 3266 1304 suum
3311 1243 3592 1328 recepit.
3701 1239 3930 1310 Credi-

2404 1352 2550 1402 tum
2589 1339 2792 1424 igitur
2815 1337 2948 1402 fuit
2984 1337 3371 1412 nonnullis,
3424 1349 3770 1414 montem,
3822 1344 3928 1424 qui

2404 1439 2777 1547 Apameae
2801 1435 3226 1512 imminebat,
3259 1432 3458 1499 fuiss'e
3486 1434 3711 1521 ipsum
3743 1436 3926 1502 illum

2406 1535 2662 1595 Ararat
2685 1579 2705 1610 ,
2756 1533 2827 1596 in
2859 1552 2994 1617 quo
3040 1531 3213 1595 sedit
3249 1545 3418 1598 arca
3442 1577 3462 1610 ‚
3516 1543 3732 1617 atque
3769 1530 3923 1598 istud

2404 1623 2604 1693 tanto‘
2662 1630 2944 1714 pronius
3007 1628 3339 1694 creditum
3357 1676 3377 1706 ‚
3447 1629 3616 1713 quia
3695 1648 3920 1695 revera

2401 1725 2732 1789 vetustum
2775 1726 2928 1788 urbi
2957 1745 3208 1791 nomen
3248 1723 3381 1789 fuit
3415 1727 3744 1805 Κιΐωτος,
3791 1728 3919 1794 Ar-

2404 1841 2517 1900 ca,
2572 1822 2661 1886 ab
2698 1805 2985 1901 eventu,
3037 1834 3113 1887 ut
3149 1842 3383 1888 rumor
3437 1821 3715 1902 tulerit,
3765 1825 3916 1888 indi-

2403 1931 2572 1983 tum.
2677 1919 2827 1981 Iam
2872 1939 3042 1983 vero
3107 1927 3221 2000 re}
3275 1922 3350 1982 in
3415 1917 3664 2003 vulgus
3721 1933 3912 2000 nota,

2407 2013 2766 2079 Graeculis
2801 2015 3180 2100 quamlibet
3235 2035 3480 2079 auram
3516 2061 3536 2091 ‚
3592 2017 3919 2100 quoslibet

2405 2109 2741 2189 susurros„
2794 2112 3039 2197 quibus
3111 2114 3440 2176 accedere
3487 2110 3610 2174 fibi
3689 2134 3925 2179 nomen

2404 2206 2844 2293 speraverant
2861 2254 2882 2285 ‚
2927 2208 3311 2294 gravissimi
3345 2206 3701 2273 testimonii
3725 2210 3928 2276 instar

2403 2302 2639 2380 fuiffe,
2692 2306 2776 2368 de
2825 2324 2962 2388 quo
3010 2325 3249 2370 eorum
3287 2301 3553 2391 ingenio
3601 2308 3926 2396 graphice

2403 2401 2701 2462 Plinius:
2745 2396 2804 2481 ²)
2856 2403 3205 2488 mirumaetfl,
3239 2423 3360 2487 quo
3385 2401 3680 2484 prendat
3711 2401 3924 2470 Grae-

2406 2515 2480 2560 ca
2517 2495 2853 2561 credulitas
2863 2519 2891 2575 ‚·
2945 2496 3176 2562 nullum
3221 2508 3344 2562 tam
3391 2498 3716 2582 impudens
3765 2522 3926 2566 mn..

2406 2593 2652 2658 aucium
2702 2594 2776 2680 est
2807 2642 2829 2677 ,
2893 2605 2968 2658 ut
3023 2593 3158 2681 uste
3211 2604 3448 2659 ran-eat.
3585 2596 3783 2660 Vnde
3835 2610 3930 2662 tot

2410 2708 2647 2753 eorum
2677 2689 2844 2755 lites·
2888 2692 2973 2754 de
3035 2691 3202 2756 Iove
3252 2703 3376 2756 aut
3417 2692 3700 2757 Baccho
3755 2696 3926 2781 apud

2408 2786 2473 2849 se
2523 2787 2701 2849 natis
2738 2789 3173 2867 educatisve,
3209 2790 3311 2851 de
3357 2788 3555 2866 1000,
3607 2791 3680 2853 in
3740 2812 3928 2877 quem

2407 2881 2798 2947 Palladium
2856 2896 3068 2971 capta
3131 2888 3350 2968 Troja
3407 2887 3770 2971 migravit,
3853 2890 3932 2953 de

2411 2979 2700 3041 Homeri
2741 2980 3126 3057 natalibus,
3180 2994 3247 3045 et
3307 2982 3656 3046 sexcentae
3707 2984 3942 3064 aliae.

2411 3071 2675 3158 fingulis
2719 3076 3004 3141 urbibus
3047 3079 3398 3165 privatam
3445 3076 3940 3146 [uam-,famam

2408 3171 2866 3251 jactantibus,
2895 3194 3122 3251 ·‚vere
3175 3194 3280 3241 an
3295 3174 3509 3249 falso,
3557 3173 3785 3240 nostra
3815 3179 3934 3264 pa-

2411 3284 2563 3327 rum
2595 3267 3046 3333 interfit.1n
3077 3292 3147 3334 re
3169 3272 3348 3335 enim
3361 3271 3788 3383 antiquaria,
3820 3295 3932 3341 ex·

2410 3361 2887 3448 plicandisque
2960 3368 3416 3432 monumentis
3493 3380 3646 3433 non
3719 3371 3928 3456 magis

2416 3461 2802 3544 quaeritur,
2855 3463 3022 3547 quid
3057 3483 3333 3541 verum,
3388 3477 3544 3533 aut
3562 3468 3924 3537 communi

2414 3567 2520 3621 ter
2547 3568 2922 3642 receptum,
2974 3580 3186 3643 quam
3211 3562 3380 3648 quid
3411 3561 3740 3646 privatim
3771 3584 3928 3650 qua-

2415 3651 2733 3737 licunque
2785 3657 3196 3721 auctoritate
3274 3658 3629 3723 creditum.
3753 3661 3926 3744 Qua-

2421 3761 2705 3834 propter
2754 3749 2799 3813 fi
2887 3752 3299 3837 Apamenscs
3372 3753 3602 3821 fidem.
3635 3757 3925 3827 habuere

2420 3847 2679 3908 rumori
2711 3847 3217 3934 de-arca‘apud
3261 3851 3324 3913 se
3379 3846 3716 3935 adpulsa,
3771 3859 3926 3939 eju&

2405 3961 2549 4024 que
2578 3956 3074 4035 argumentum⁴
3102 3945 3414 4011 intulere·
3447 3950 3672 4013 numis
3699 3998 3718 4029 ‚
3796 3969 3924 4021 eas·

2403 4038 2572 4100 dem
2607 4060 2802 4122 egere
2833 4061 3050 4126 nugas
3080 4089 3099 4120 ‚
3156 4064 3326 4126 quas
3365 4054 3468 4106 tot
3524 4044 3646 4109 alii
3671 4095 3692 4123 ‚
3745 4047 3926 4117 clari·

2401 4134 2774 4199 tatem-[ibi
2811 4138 2901 4203 ab
2946 4137 3176 4223 insigni
3209 4140 3443 4224 aliquo
3487 4146 3741 4230 veteris
3784 4144 3926 4211 aevi

2403 4243 2659 4293 eventu
2697 4247 3142 4316 quaerentes-,
3196 4248 3400 4322 atque
3450 4250 3521 4303 ut
3561 4239 3755 4305 litem
3785 4258 3929 4317 cum

2413 4323 2752 4389 Graeciae
2781 4331 3106 4417 propriae
3156 4334 3397 4401 incolis
3439 4337 3881 4405 amolirentur
3907 4383 3927 4413 ‚

2413 4421 2528 4505 qui
2578 4418 3071 4490 Deucalionem
3103 4433 3288 4516 apud
3323 4428 3388 4493 se
3443 4432 3715 4497 evafiffe
3763 4432 3926 4516 deje-

876 4626 932 4693 a)
972 4623 1033 4678 L.
1072 4624 1124 4677 V
1130 4623 1237 4685 111.
1273 4640 1317 4675 c.
1355 4632 1457 4713 885
