4125 5500
1160 591 1595 670 REGES
1728 588 2446 668 PARTHIAE.

161 796 308 859 hinc
347 790 410 853 in
456 786 806 867 Austrum,
873 780 943 855 et
984 790 1235 858 desinat
1271 795 1340 858 in
1377 795 1615 860 occasu
1640 842 1660 874 ,

161 895 262 955 vir
297 888 638 965 eruditus»,
691 898 766 948 ut
797 888 1120 953 intentum
1160 890 1407 954 sensum
1441 880 1661 955 cintor-

158 995 391 1071 queat,
441 982 710 1067 cogitur
739 983 944 1047 saltus
973 986 1040 1048 in
1073 986 1480 1051 Parthorum
1522 1007 1664 1051 mo·

157 1096 308 1146 neta
338 1079 641 1141 insolitos
663 1077 948 1143 subsidio
982 1100 1254 1146 vocare.
1352 1084 1667 1169 Denique

155 1179 196 1242 fi
231 1178 558 1262 scriptura
586 1174 785 1257 hujus
819 1179 1009 1241 numi
1046 1176 1202 1241 ell'et
1238 1198 1663 1264 quaquaver-

155 1276 287 1338 sum
327 1273 530 1349 sana,
583 1282 654 1333 et
681 1270 921 1337 literae
970 1273 1387 1353 luculentae,
1452 1274 1664 1361 poss‘e-

151 1391 295 1436 mus
326 1381 471 1431 tum
522 1364 706 1430 forte
768 1368 1191 1452 praetensum
1250 1372 1667 1457 explicatum

151 1466 530 1531 admittere.
631 1465 727 1527 At
764 1466 928 1528 vero
964 1463 1225 1530 fatente
1256 1469 1398 1554 ipso
1454 1464 1666 1532 Corfi-

152 1582 240 1627 no
290 1573 357 1625 et
397 1558 585 1622 numi
621 1558 998 1638 iconismo,
1048 1563 1299 1646 partim
1329 1564 1665 1629 evanidae

151 1659 294 1722 sunt
325 1657 567 1718 literae
597 1701 615 1730 ,
668 1667 737 1717 et
800 1674 981 1738 quae
1041 1655 1336 1736 exstant,
1414 1659 1666 1745 partim

152 1754 493 1818 barbarae
528 1761 594 1812 et
635 1749 931 1829 hiulcae,
981 1750 1067 1815 lic
1115 1765 1190 1817 ut
1242 1754 1583 1842 inscriptio
1624 1772 1669 1815 a

156 1848 432 1914 Corfino
486 1847 852 1910 enunciata
909 1849 1127 1934 magis
1180 1850 1496 1914 videatur
1543 1849 1667 1913 ser-

155 1966 268 2011 mo
317 1942 636 2007 eruditae
694 1945 1122 2026 conjecturae
1143 1933 1189 2023 ,'
1217 1965 1423 2029 quam
1466 1943 1669 2031 ipsine

150 2036 358 2106 numi.
493 2036 675 2101 Sane
723 2039 815 2101 ad
865 2038 1252 2105 Bardanem
1312 2041 1498 2106 suum
1555 2061 1669 2105 ex·

143 2136 576 2215 ‘tundendum
623 2133 813 2197 aliud
848 2152 986 2199 non
1024 2134 1305 2215 habuit,
1370 2149 1669 2224 praeter-

156 2252 359 2318 quam
397 2231 638 2293 literas
675 2230 817 2295 ΑΡ.
912 2229 1021 2293 De
1071 2232 1205 2296 hoc
1254 2250 1417 2318 ergo
1461 2250 1669 2297 numo

157 2329 242 2393 fic
273 2325 631 2393 existimo:
684 2324 813 2388 ess'e
864 2344 1017 2389 eum
1079 2325 1442 2409 Gotarzis,
1533 2346 1672 2391 non

59 2436 66 2441 ’
146 2443 536 2510 negavero,
591 2420 779 2503 quod
808 2424 878 2484 in
923 2440 1006 2483 eo
1054 2420 1210 2486 teste
1252 2421 1527 2488 Corfino
1559 2443 1671 2487 ex·

147 2521 433 2607 press'um
497 2516 743 2601 legitur
792 2536 1040 2581 nomen
1089 2519 1555 2602 roTEPzH,
1604 2530 1674 2581 et

139 2613 415 2686 testatur
460 2630 738 2697 quoque
765 2613 1307 2698 Barthelemyus,
1360 2617 1429 2678 in
1462 2634 1670 2680 numo

148 2702 287 2784 ase
327 2715 399 2777 in
451 2707 664 2773 ltalia
711 2708 1046 2793 adquisito
1098 2714 1394 2797 proponi
1447 2723 1520 2776 et
1559 2730 1671 2777 ca·

139 2821 309 2902 -put,
363 2820 432 2871 et
503 2824 753 2869 nomen
809 2804 1155 2875 Gotarzis.
1221 2805 1285 2889 ³)
1385 2807 1520 2873 Sed
1554 2808 1674 2873 ad-

141 2908 367 2975 sentiri
405 2919 554 2966 non
604 2899 889 2985 pulsum,
937 2903 1272 2987 reliquam
1306 2904 1676 2991 inscriptio·

139 3026 300 3071 nem
336 3001 476 3065 esse
517 2997 919 3081 legendam,
971 3011 1048 3061 ut
1079 2999 1300 3063 censet
1342 2999 1674 3065 Corfinun.

142 3103 388 3184 Neque
440 3112 617 3157 vero
653 3093 861 3156 etiam
898 3113 984 3158 ea
1005 3093 1209 3158 lectio
1246 3095 1540 3180 probata
1575 3098 1674 3160 vi-

133 3198 339 3261 detur
374 3186 918 3275 Barthelernyo,
964 3192 1148 3274 quod
1174 3238 1193 3267 ,
1246 3208 1400 3254 cum
1435 3193 1521 3255 de
1542 3192 1675 3257 hoc

135 3312 348 3357 numo
387 3287 735 3370 loquitur,
787 3286 957 3349 nihil
989 3284 1174 3348 aliud
1213 3287 1415 3366 dicit,
1467 3308 1674 3371 quam

134 3392 205 3453 in
248 3408 338 3453 eo
376 3381 728 3449 contineri
762 3379 1081 3446 Gotarzis
1116 3399 1364 3445 nomen
1393 3430 1414 3460 ,
1493 3385 1676 3448 dissi.

131 3485 408 3550 mulata
433 3477 627 3543 mira
646 3479 949 3562 reliquae
973 3474 1420 3563 inscriptionis
1440 3480 1675 3545 lectio·

127 3603 216 3646 ne
265 3603 314 3643 a
373 3572 670 3640 Corano
715 3575 1015 3637 inducta.
1165 3574 1679 3640 Advertendum

133 3682 356 3743 etiam
384 3718 407 3750 ,
468 3665 732 3731 exstare
747 3671 818 3731 ia
840 3668 1068 3733 museo
1085 3665 1417 3734 Caesareo
1439 3670 1677 3737 drach·

134 3793 295 3838 mas
330 3763 630 3833 omnino
674 3763 792 3827 IX.
826 3779 858 3841 ,·
898 3765 1013 3848 qui
1066 3764 1301 3828 collati
1360 3784 1516 3831 cum
1558 3788 1675 3831 nu·

133 3890 256 3934 mo
293 3859 717 3930 corfini-ano
745 3878 880 3922 non
919 3860 1127 3923 modo
1176 3860 1357 3924 idem
1425 3874 1634 3950 caput
1659 3911 1680 3942 ,

131 3966 637 4048 reliquumque
677 3973 948 4019 omnem
985 3953 1387 4022 simillimum
1425 3960 1680 4023 cultum

137 4059 482 4133 offerunt,
537 4049 659 4116 sed'
693 4050 979 4115 eandem
1010 4052 1215 4115 etiam
1251 4056 1452 4136 plane
1485 4075 1678 4120 aver-

51 4163 54 4168 '
135 4156 311 4234 sam,
370 4169 539 4217 cum
574 4148 820 4212 iisdem
848 4147 1062 4211 ctiam
1094 4168 1217 4234 per
1249 4168 1485 4214 aream
1513 4149 1679 4236 [igil-

137 4253 266 4333 lis,
325 4246 584 4335 qualia
609 4243 756 4307 sunt
789 4262 1309 4328 monogramma
1350 4247 1480 4309 AT
1524 4264 1678 4308 cum

135 4349 457 4432 subjecto
496 4339 817 4427 globulo,
868 4349 936 4402 et
990 4338 1266 4402 crucula
1325 4341 1505 4403 intra
1564 4361 1675 4424 pe·

127 4447 262 4510 dee
296 4439 561 4506 Parthi
604 4435 935 4512 sedentia,
987 4448 1062 4498 at
1115 4436 1186 4497 in
1232 4435 1337 4500 his
1385 4436 1680 4499 luculen-

3127 611 3273 682 535

1750 806 1822 858 ta
1853 791 2235 879 inscriptio,
2289 788 2403 855 etfi
2471 788 2772 856 barbara
2811 782 3082 878 quoque
3116 800 3271 863 ΠΛ..

1748 889 2112 956 ΕΙΛΕΩΕ.
2136 887 2628 953 ΠΑΕΙΛΕΩΝ.
2655 888 2753 951 AI·
2772 887 3094 955 [ANOA.
3116 895 3267 958 Er.

1750 986 1853 1051 EI·
1875 986 2146 1049 ΓΕΤΠ.
2198 985 2584 1049 ΔΙΧΛΙΟΤ.
2626 985 3279 1065 En1†ANOT1:.†1-·

1753 1081 2325 1157 AEAAHXOE„
2377 1099 2593 1165 quae,
2683 1081 2974 1165 demptis
3035 1084 3269 1149 ortho-

1753 1175 2084 1263 graphiae
2116 1177 2458 1258 peccatis,
2510 1173 2776 1260 prorsus
2812 1178 3052 1241 eadem
3094 1179 3272 1245 estin

1753 1274 1974 1336 numis
2005 1272 2275 1336 Arsacis
2320 1273 2469 1335 XV.
2533 1272 2852 1337 Phraatis
2885 1271 2998 1338 lv.
3103 1276 3273 1341 Sunt

1752 1382 2113 1454 praeterea
2150 1369 2220 1432 in
2272 1369 2516 1431 eodem
2557 1367 2783 1433 museo
2828 1367 3093 1454 aliquot
3151 1374 3274 1436 alii

1757 1467 2065 1546 ejusdem
2116 1464 2375 1546 modi,¹
2408 1462 2519 1526 sed
2570 1464 3011 1551 charagmate
3054 1486 3271 1553 usque

1755 1581 1838 1624 eo
1872 1559 2207 1638 barbaro,
2260 1560 2443 1624 utne
2482 1562 2754 1624 unicam
2819 1562 3095 1644 quidem
3169 1563 3271 1652 sa-

1752 1676 1913 1720 nam
1985 1675 2231 1719 vocem
2278 1670 2366 1720 ex
2428 1655 2642 1720 literis
2702 1656 2935 1719 misere
3014 1658 3273 1723 luxatis

1750 1752 2418 1837 possiscomponere.
2516 1750 2785 1816 Similes
2820 1771 2980 1837 ergo
3032 1774 3277 1820 numos

1757 1846 1883 1911 else
1937 1849 2240 1927 ejusdem
2310 1845 2671 1926 Gotarzis,
2724 1849 2887 1933 quia
2953 1847 3275 1917 fimillimi

1756 1942 1901 2005 sunt
1937 1962 2144 2005 numo
2183 1940 2617 2021 Corfiniano,
2698 1942 2921 2007 nullus
3004 1946 3273 2011 dubito.
3302 2016 3331 2025 ,,

1754 2038 1909 2103 Non
1952 2034 2207 2115 obstat,
2262 2037 2485 2102 abess'e
2515 2041 2586 2101 in
2638 2040 2745 2103 his
2793 2037 3113 2103 Gotarzis
3150 2061 3279 2106 no-

1755 2155 1947 2210 men;
1998 2152 2160 2197 narn
2205 2146 2272 2197 et
2308 2135 2376 2197 in
2410 2136 2676 2199 Arsacis
2709 2136 2823 2200 XI.
2866 2149 3141 2200 moneta
3172 2139 3274 2202 vi-

1755 2231 2003 2307 dimus,
2055 2248 2303 2293 nomen
2342 2229 2780 2295 Sanatroecis
2815 2232 2883 2294 in
2906 2248 3113 2297 numo
3138 2252 3275 2297 uno

1754 2326 1957 2405 addi,
2007 2326 2086 2388 in
2118 2324 2273 2389 aliis
2321 2327 2638 2393 omnibus
2683 2327 2929 2393 omitti.

1920 2516 2452 2583 ARSACES
2492 2519 2691 2585 XXI.
2742 2520 3102 2591 Bao-danes.

1850 2711 1916 2775 A
1961 2708 2093 2775 suis
2129 2711 2463 2776 occiditur
2494 2724 2823 2778 revocato
2879 2708 3092 2780 fratre
3134 2711 3272 2781 Go-

1750 2820 1964 2874 tarze.

1849 2904 1956 2968 Ex
1994 2913 2221 2966 mente
2255 2904 2609 2969 Vaillantii
2652 2904 2850 2988 hujus
2884 2905 3151 2972 Arsacis
3187 2907 3280 2973 est

1755 3000 2089 3065 drachma
2121 2999 2473 3084 inscripta:
2523 3003 3010 3066 ΒΛΣΙΛΕΩΣ.
3038 3005 3277 3070 ΒΑΣΙ-

1756 3098 2035 3161 ΛΕΩΝ.
2134 3096 2587 3161 ΛΡΣΛΚΟΤ.
2664 3100 3281 3167 ΠΑΝΛΡΙΣΤΟΤ.

1761 3192 2155 3257 AIKAJOT.
2285 3192 2853 3262 ΕΤΕΡΓΕΤΟΤ.
2970 3195 3282 3262 ΕΠΙΦΑ-

1757 3290 2030 3353 ΝΟΤΣ.
2085 3288 2713 3353 ΦῙΛΕΛΛΗΝΟΣ.
2812 3292 3113 3355 Numum
3179 3314 3282 3358 re-

1761 3383 2020 3460 citavi,
2070 3402 2208 3447 non
2251 3386 2437 3467 quod
2474 3404 2628 3447 eum
2666 3404 2909 3449 revera
2953 3388 3147 3470 hujus
3190 3388 3288 3452 es-

1757 3478 1823 3542 se
1859 3479 2035 3564 regis
2068 3476 2436 3541 existimem
2472 3525 2491 3556 ,
2535 3478 2648 3541 sed
2698 3493 2771 3543 ut
2811 3501 2948 3544 non
2980 3484 3285 3549 dissimu-

1757 3575 1896 3638 lem
1930 3574 2233 3636 nondum
2260 3593 2347 3636 ex
2376 3575 2599 3639 numis
2630 3577 2976 3662 cognitum
3013 3581 3287 3645 titulum

1760 3669 2382 3749 ΠΑΝΑΡιΣτΓοτ,
2433 3671 2616 3756 tange
2646 3675 2905 3758 optiva,
2960 3674 3073 3740 effi
3109 3674 3291 3742 forte
3418 3655 3431 3665 “

1763 3764 1986 3829 fallax
2037 3762 2127 3825 est
2180 3765 2429 3845 lectio,
2497 3787 2706 3851 quam
2765 3772 2972 3834 etiam
3044 3774 3286 3859 paullo

1765 3862 1963 3947 supra
1995 3859 2066 3921 in
2110 3860 2434 3926 insolente
2487 3865 2689 3928 titulo
2738 3868 3098 3934 AM<1>1MA
3117 3875 3294 3938 XOT

1764 3954 2166 4042 suspicabar.
2271 3958 2340 4020 Si
2379 3979 2547 4021 vera
2576 3958 2670 4022 est
2702 3954 2906 4025 lectio
2946 3965 3247 4029 Moremi
3267 4011 3292 4053 ‚

1764 4073 1851 4117 ex
1883 4069 2019 4134 quo
2051 4051 2463 4116 Vaillantius
2520 4073 2799 4122 numum
2838 4058 3014 4121 hunc
3051 4061 3292 4141 lraulit,

1764 4148 2002 4211 eritis
2071 4144 2254 4213 forte
2318 4149 2585 4215 Arsacis
2657 4153 2867 4220 XXV.
2948 4152 3293 4222 Chorrois.

1765 4241 2080 4322 Constat,
2133 4246 2551 4330 Traianum,
2604 4268 2742 4331 quo
2782 4262 3093 4336 tempore
3135 4255 3295 4319 huic

1767 4338 2020 4404 bellum
2051 4340 2322 4422 indixit,
2374 4344 2766 4411 nominibus
2796 4347 2925 4410 suis
2966 4350 3297 4414 addidisse

1765 4453 2013 4498 nomen
2076 4441 2297 4520 Αριςε,
2354 4441 2612 4525 Optirm’.
2713 4443 2920 4508 Forte
2976 4435 3299 4510 Graeculi

100 4561 3314 4606 Μ--Ἣ

193 4657 254 4726 ι)
295 4654 372 4720 Β,
412 4653 493 4719 ι,
533 4647 605 4705 τ.
642 4644 893 4703 xxxu.
927 4660 984 4715 1»-
1021 4643 1143 4709 6⁸2·
